2581 4081
1143 224 1211 280 37

124 410 318 468 titulo
350 408 641 484 Phrygio
669 406 950 466 Americ.
984 406 1219 468 Journ.
1254 406 1328 467 of
1349 398 1648 467 Arch'eol.
1682 406 1774 465 IV
1822 422 1884 480 p.
1912 399 2045 464 265
2086 422 2147 464 n.
2178 399 2219 465 6

122 511 464 590 ἠργάσετο.
556 518 908 576 Praeterea
967 518 1052 575 cf.
1111 519 1251 576 vita
1313 534 1361 575 S.
1422 517 1798 592 Eupraxiae
1857 513 1898 591 ξ
1945 509 2029 575 37
2080 514 2215 574 ΑΑ.

123 622 233 682 SS.
284 624 470 682 Mart.
522 624 585 683 II
631 641 690 700 p.
739 618 866 683 927
930 617 1060 681 ἀπὸ
1120 619 1192 681 δὲ
1245 622 1359 696 τῆς
1419 617 1659 696 ἡμέρας
1715 617 1958 696 ἐκείνης
2008 615 2217 681 οὐκέτι

121 723 288 788 ἄλλο
336 728 523 804 σῶμα
570 725 820 804 ἔθαψον
852 725 922 790 ἐν
971 725 1189 810 ἐκείνῳ
1221 731 1314 810 τῷ
1360 724 1567 809 τάφῳ,
1616 746 2014 804 quamquam
2056 730 2218 787 haec

121 839 266 897 vita
311 855 442 897 non
490 856 568 897 ea
616 856 767 898 cum
814 854 974 897 cura
1021 838 1200 897 edita
1248 841 1364 908 est,
1426 843 1499 897 ut
1544 839 1615 898 in
1663 838 1906 896 talibus
1954 853 2032 894 ea
2078 842 2218 895 tuto

38 981 43 987 -
119 947 347 1004 utaris.
423 947 726 1005 >Maxime
775 954 994 1006 autem
1053 947 1137 1005 cf.
1183 926 1678 1023 Agathangelus
1738 940 1867 1018 (ed.
1916 943 2217 1020 Lagarde

119 1052 452 1134 Abhandl.
491 1053 608 1112 der
642 1052 932 1129 Gotting.
971 1051 1118 1112 Ges,
1159 1053 1220 1110 d.
1248 1052 1442 1112 Wiss.
1481 1051 1735 1112 XXXV
1775 1044 1970 1123 1888)
2018 1067 2080 1124 p.
2108 1044 2214 1119 68,

124 1154 207 1218 18
272 1155 425 1232 τοὺς
485 1156 555 1218 δὲ
613 1153 1074 1233 ἀποκειμένους
1145 1155 1516 1233 θησαυροὺς
1583 1140 2007 1229 συλλέξαντες
2078 1154 2214 1228 τοῖς

118 1265 407 1339 πτωχοῖς
435 1263 771 1344 διένειμον,
800 1274 863 1326 et
888 1268 1349 1341 Ephraemius:
1376 1267 1471 1325 De
1487 1267 1862 1325 Andronico
1889 1264 2215 1325 Comneno

117 1391 182 1435 v,
210 1367 389 1432 5074
425 1370 487 1433 οἳ
525 1370 596 1433 δὲ
630 1421 641 1433 .
687 1421 699 1433 .
744 1421 756 1433 .
799 1368 1458 1448 ἀμνηστίαν”ἔνειμον
1505 1367 1942 1453 ἠνομημένων.
2035 1371 2215 1446 Quae

117 1498 274 1540 cum
319 1483 413 1539 ita
461 1483 610 1558 sint,
659 1499 790 1541 non
836 1498 1086 1557 vereor,
1135 1498 1217 1539 ne
1256 1482 1406 1554 quis
1449 1481 1725 1539 formam
1763 1481 1955 1538 istam
2002 1474 2215 1538 διένει·

118 1603 244 1661 μον
290 1590 434 1646 iure
483 1605 522 1646 a
567 1590 760 1647 nobis
808 1595 1262 1647 conservatam
1314 1603 1456 1645 esse
1502 1591 1720 1663 neget.

302 1694 623 1770 Quoniam
647 1696 854 1771 igitur
877 1695 1169 1753 Marcum
1201 1696 1270 1753 in
1295 1696 1649 1752 verborum
1676 1694 2116 1751 declinatione
2137 1723 2208 1731 —

119 1804 173 1861 si
242 1808 569 1860 vetustam
637 1817 933 1859 normam
1000 1803 1373 1876 spectamus
1417 1832 1505 1840 —
1553 1801 1873 1857 titubasse
1938 1806 2213 1876 constat,

117 1910 398 1968 formam
442 1902 720 1980 ἔσηται
770 1902 873 1978 74,
905 1903 982 1966 17
1033 1912 1102 1966 ut
1151 1910 1218 1965 in
1269 1907 1766 1973 similitudinem
1810 1908 2214 1965 coniunctivi

119 2016 348 2074 aoristi
382 2016 575 2090 primi
611 2033 650 2073 a
683 2016 906 2074 futuro
941 2007 1168 2087 ἔσομαι
1194 2014 1562 2073 derivatam
1594 2022 1848 2073 mutare
1882 2013 2076 2071 valde
2103 2012 2215 2072 du-

117 2124 280 2192 bito,
330 2116 718 2197 praesertim
763 2139 913 2181 cum
952 2123 1413 2181 coniunctivus
1451 2122 1658 2180 futuri
1696 2137 1734 2178 a
1768 2122 2216 2196 grammaticis
2331 2125 2334 2128 '

119 2229 469 2289 damnatus
516 2231 851 2290 interdum
907 2231 1085 2306 apud
1133 2231 1515 2305 posterioris
1572 2230 1807 2287 aetatis
1864 2230 2216 2303 scriptores

116 2343 381 2395 exstare
428 2338 752 2397 videatur.
848 2336 942 2397 Of.
978 2338 1337 2411 Procopius
1371 2335 1401 2394 I
1432 2329 1585 2404 479,
1617 2329 1695 2394 17
1743 2335 1845 2393 ed.
1881 2334 2086 2393 Bonn.
2136 2330 2216 2407 ἢν

116 2436 226 2501 ὑπ’
279 2437 502 2517 αὐτοῖς
552 2439 808 2517 ἔσησθε.
855 2445 886 2504 I
927 2439 1080 2513 479,
1107 2439 1194 2503 20
1243 2437 1376 2522 ὅτῳ
1417 2437 1496 2502 ἂν
1534 2436 1854 2516 ἀφίξηται.
1899 2434 2106 2515 1366,
2134 2434 2214 2498 13

116 2542 302 2621 ὅπως
352 2544 412 2608 οἱ
452 2545 532 2609 τὰ
581 2546 647 2624 ἐς
690 2547 1086 2610 Βανδαλικὸν
1120 2545 1530 2623 συλλήψηται
1573 2544 1872 2621 πόλεμον.
1906 2547 1970 2605 II
1997 2541 2100 2622 72,
2128 2541 2216 2604 20

116 2648 505 2728 ἀκούσησθε.
576 2657 893 2734 Agathias
963 2676 1026 2733 p.
1074 2652 1250 2735 41,3
1312 2657 1415 2716 ed.
1470 2656 1669 2715 Bonn.
1738 2649 1919 2726 ὅπως
1979 2649 2059 2726 μὴ
2115 2649 2215 2710 καὶ

117 2756 304 2821 αὐτοὶ
349 2757 630 2838 ἅπαντες
679 2760 992 2837 πείσησθε
1040 2766 1126 2823 cf.
1176 2781 1239 2839 p.
1294 2757 1440 2839 163,
1473 2758 1574 2820 11.
2105 2753 2111 2759 ’

299 2871 423 2946 Qui
468 2888 699 2930 recens
747 2874 832 2930 ab
868 2873 1150 2946 optimae
1188 2870 1570 2946 graecitatis
1603 2868 1791 2926 libris
1836 2868 2043 2925 vita-m
2067 2867 2215 2924 Por-

114 2980 339 3055 phyrii
390 2979 516 3036 sibi
553 2978 909 3054 legendum
945 2979 1158 3046 sumit,
1211 2978 1432 3035 nescio
1472 2993 1554 3033 an
1593 2975 1881 3032 omnium
1928 2973 2216 3031 maxime

114 3089 186 3146 in
236 3102 313 3144 eo
364 3085 730 3144 offensurus
776 3084 976 3157 idque
1025 3084 1436 3158 potissimum
1483 3083 1839 3139 miraturus
1888 3081 1990 3148 sit,
2042 3079 2216 3151 quod

116 3193 445 3269 permulta
491 3190 922 3250 inveniuntur
967 3191 1296 3249 vocabula
1342 3190 1436 3247 ita
1488 3194 1821 3262 usurpata,
1894 3190 1966 3244 ut
2013 3203 2052 3243 a
2111 3202 2217 3244 ve-

116 3306 295 3359 tusta
343 3299 816 3358 consuetudine
864 3299 1057 3373 longe
1104 3297 1439 3372 recedant,
1490 3296 1674 3354 velut
1721 3310 1784 3368 p.
1835 3287 2011 3361 3,1o
2057 3293 2217 3367 legi-

116 3412 227 3466 tur
274 3402 388 3477 τῆς
433 3398 741 3479 μακαρίας
786 3399 887 3461 καὶ
926 3399 1273 3477 φοβερᾶς
1324 3396 1567 3473 ἐκείνης
1611 3398 1849 3473 ψυχῆς.4
1904 3398 2053 3456 Vox
2100 3412 2218 3471 φο-

119 3505 276 3587 βερά
324 3513 447 3571 hoc
492 3513 636 3570 loco
685 3520 748 3569 et
803 3509 1145 3568 Alfredum
1194 3508 1537 3566 Eberhard
1588 3501 1801 3581 (Burs,
1836 3505 2216 3565 Jahresber.

117 3618 217 3677 III
275 3635 338 3693 p.
382 3611 539 3693 545)
610 3622 676 3675 et
722 3592 1033 3676 Ioannem
1097 3614 1430 3673 Draeseke
1494 3609 2048 3689 (Woehenschrift
2112 3611 2220 3671 fiir
