2581 4081
1136 247 1208 302 53

116 430 288 488 haee
335 430 639 505 exempla
671 431 1058 491 documento
1091 447 1231 490 esse
1280 436 1569 505 possunt.
1620 430 1869 488 Pallad.
1895 442 1966 504 p.
2004 419 2222 488 1035ιι

117 529 359 608 οἵτινες
387 581 399 594 .
425 582 437 594 .
463 531 842 609 ἐμερίσαντο
875 531 952 595 τὰ
985 530 1363 610 ὑπάρχοντα
1395 530 1466 595 ἐν
1499 533 1799 608 κινητοῑς,
1844 530 1885 592 ἃ
1918 528 2119 607 ἔσχον
2153 530 2223 593 ἐν

117 638 238 715 μὲν
272 638 620 716 νομίσμασι
653 638 1211 719 πεντακισχιλίοις,
1261 637 1333 701 ἐν
1378 638 1650 716 ἱματίοις
1699 638 1770 700 δὲ
1814 637 1915 700 καὶ
1949 634 2222 714 οἰκέταις

116 743 198 806 τὰ
233 742 595 826 εὑρεθέντα,
646 766 708 824 p.
742 745 955 809 10672
980 743 1250 821 οὐδενὸς
1279 741 1498 807 ἄλλου·
1518 741 2021 821 μεταλαμβάνων
2055 744 2223 820 πλὴν

118 849 324 929 ἄρτου
372 855 566 930 ξηροῦ
616 852 686 916 ἐν
745 852 1032 930 οὐγκίαις
1095 853 1246 917 δέκα
1316 851 1456 933 δύο,
1526 874 1588 932 p.
1646 851 1856 926 11860
1916 850 1956 927 ἢ
2003 849 2106 912 καὶ
2154 848 2223 912 ἐν

116 962 348 1042 χρυσῷ
380 962 718 1037 κεκτῆσθαι
755 959 966 1023 πολλὰ
1002 958 1394 1038 ἀναλώματα
1439 961 1695 1022 τοῦτον.
1766 962 2015 1021 Pallad.
2067 961 2221 1019 dial.

120 1070 203 1128 de
255 1086 314 1128 V.
362 1071 586 1131 Ioann.
636 1070 864 1145 ChryS.
925 1073 967 1130 l.
1017 1088 1073 1130 o.
1123 1088 1185 1146 p.
1238 1065 1321 1129 14
1369 1065 1440 1129 ἐν
1488 1063 1586 1142 οἷς
1633 1065 1737 1127 καὶ
1782 1063 2037 1142 βρέβιον
2083 1061 2228 1158 ἐπέ;

118 1173 339 1235 δειξαν
385 1170 447 1234 οἱ
493 1171 961 1254 προειρημένοι,
1005 1171 1173 1236 ὅπου
1222 1171 1302 1235 τὰ
1347 1172 1634 1250 κειμήλια
1658 1168 2132 1248 παραδιδόασιν
2162 1217 2177 1231 .
2206 1216 2220 1232 .

118 1274 190 1339 ἔν
240 1296 311 1339 τε
357 1282 579 1361 χρυσῷ
645 1279 746 1341 καὶ
811 1275 1071 1362 ἀργύρῳ
1137 1280 1238 1342 καὶ
1310 1276 1598 1357 ἀμφίοις.
1691 1282 1845 1342 Vita
1890 1280 2222 1341 Eudoeiae

118 1405 175 1446 o.
229 1383 317 1446 22
365 1389 501 1447 AA.
551 1388 658 1449 SS.
706 1391 894 1449 Mart.
944 1390 973 1448 I
1020 1407 1084 1464 p.
1134 1384 1264 1448 873
1336 1383 1419 1462 ἦν
1482 1382 1601 1447 οὖν
1661 1382 1861 1460 αὐτῆς
1917 1382 1957 1459 ἡ
2015 1381 2223 1445 δίαιτα

116 1492 237 1566 τῆς
287 1492 535 1568 τροφῆς
595 1490 955 1570 βραχυτάτη
1026 1491 1098 1555 ἐν
1165 1488 1340 1574 ἄρτῳ
1411 1491 1514 1554 καὶ
1583 1489 1778 1572 ἐλαίῳ
1848 1466 1950 1552 καὶ
2021 1485 2221 1562 ὕδατι,

119 1617 177 1658 o.
233 1595 321 1659 24
356 1618 419 1677 p.
459 1595 589 1661 874
636 1595 918 1676 ἀργύρου
966 1598 1038 1661 ἐν
1083 1596 1425 1676 διαφόροις
1474 1594 1733 1661 σκεύεσι
1782 1594 1985 1672 λίτραι
2034 1592 2221 1657 ὀκτα,

120 1702 443 1780 κισχίλιαι.
535 1702 737 1767 Multo
805 1710 1002 1767 etiam
1067 1710 1265 1768 latius
1330 1723 1525 1782 quam
1592 1706 2092 1782 praepositionis
2150 1700 2220 1762 ἐν

118 1831 282 1873 usus
315 1817 815 1891 praepositionis
848 1810 959 1888 εἰς
994 1817 1169 1891 apud
1203 1816 1495 1875 Marcum
1530 1820 1730 1889 patet.
1787 1813 2014 1887 Neque
2048 1813 2219 1871 enim

121 1923 334 1979 solum
385 1938 744 1982 sermonem
778 1924 1096 1982 librorum
1129 1938 1465 1981 sacrorum
1498 1927 1760 1980 secutus
1809 1919 1969 1978 dioit
2015 1935 2078 1994 p.
2113 1912 2219 1987 32,

121 2021 212 2087 23
262 2020 600 2103 ἐλπίζομεν
648 2023 737 2103 εἰς
785 2024 900 2089 τὸν
947 2024 1101 2089 θεόν
1149 2036 1213 2090 et
1260 2022 1367 2101 28,
1394 2023 1437 2088 3
1484 2022 1575 2101 εἰς
1622 2020 1823 2087 αὐτὸν
1868 2023 1936 2101 (i.
1964 2044 2020 2086 e.
2048 2025 2221 2087 Chri-

122 2130 325 2208 stum)
374 2130 634 2195 πίστευε
683 2143 877 2211 atque
932 2131 1040 2206 33,
1067 2131 1107 2196 6
1166 2132 1267 2194 καὶ
1332 2129 1797 2207 πιστεύσαντες
1857 2129 1946 2207 εἰς
1995 2129 2036 2192 ἃ
2083 2126 2222 2192 ἐλά-

123 2241 328 2315 λησεν
374 2239 484 2316 (of.
512 2237 617 2313 28,
645 2238 730 2302 23
754 2260 806 2302 s,
834 2239 968 2317 aL),
1041 2243 1158 2302 sed
1228 2243 1529 2301 similiter
1588 2243 1783 2300 etiam
1840 2236 1947 2311 32,
1974 2235 2062 2299 24
2108 2235 2222 2299 ἐὰν

122 2342 512 2427 σπουδάσῃς
583 2344 672 2421 εἰς
742 2345 817 2409 τὸ
887 2345 1100 2423 παρὸν
1169 2345 1446 2422 πρᾶγμα,
1516 2342 1623 2424 33,
1650 2343 1737 2405 20
1783 2343 1921 2421 ἐμοὶ
1970 2343 2083 2419 μὲν
2130 2342 2220 2419 εἰς

122 2453 324 2513 τοῦτο
371 2449 450 2512 οὐ
500 2451 692 2529 μέλει,
751 2450 972 2526 48,15
999 2473 1048 2515 s,
1120 2450 1210 2527 εἰς
1258 2451 1455 2514 τοῦτο
1502 2448 1619 2513 οὐκ
1663 2447 1840 2512 ἔστιν
1887 2447 2222 2526 ἐρωτῆσαι,

123 2555 236 2632 50,
269 2556 349 2620 19
375 2578 425 2620 S.
474 2556 565 2634 εἰς
611 2556 728 2634 τὰς
788 2555 907 2620 οὖν
953 2555 1283 2634 ἐπιτυχίας
1331 2604 1346 2620 .
1393 2604 1407 2620 .
1451 2604 1465 2620 .
1514 2554 1932 2634 θαυμάζομεν.
2008 2561 2222 2634 Atque

124 2669 426 2728 similiter
493 2668 765 2743 Martyr.
834 2668 1103 2728 Niconis
1172 2668 1309 2726 AA.
1381 2667 1490 2726 SS.
1550 2668 1737 2725 Mart.
1787 2666 1881 2725 III
1929 2683 1991 2742 p.
2045 2660 2222 2726 16ἸΗΞ

125 2771 301 2833 ὥστε
336 2768 535 2860 αὐτὸν
571 2769 687 2833 τὸν
721 2769 1080 2848 ἡγούμενον
1122 2769 1466 2847 θαυμάζειν
1497 2767 1586 2845 εἰς
1627 2769 1741 2831 τὸν
1774 2766 1960 2844 ἅγιον
1994 2766 2220 2846 ἄνδρα.

121 2850 158 2898 '
306 2881 748 2940 Memorabilis
795 2887 893 2939 est
937 2897 1095 2941 usus
1141 2880 1645 2956 praepositionis
1700 2872 1853 2937 ἀπό
1900 2896 1963 2954 p.
2002 2873 2109 2955 36,
2142 2875 2222 2937 10

120 2971 279 3046 ’ἐστὲ
324 2982 446 3060 γὰρ
502 2981 634 3047 ἀπὸ
700 2982 903 3046 κόπου
950 2983 1241 3065 ‘fatigati
1300 2988 1455 3047 estis
1471 2983 1508 3045 ².
1609 2987 1950 3046 Profectus
2005 2992 2219 3045 autem

129 3110 274 3153 esse
320 3094 583 3153 videtur
628 3095 735 3153 hio
770 3110 947 3165 usus,
997 3094 1109 3169 qui
1156 3095 1506 3152 latinorum
1540 3093 1848 3169 genetivo
1895 3091 2001 3150 vel
2050 3091 2223 3150 abla-

129 3200 270 3259 tivo
316 3200 650 3273 qualitatis
682 3201 1054 3276 respondet,
1101 3217 1225 3259 usu
1263 3199 1510 3259 causali
1542 3196 2039 3273 praepositionis
2071 3189 2221 3266 ἀπό,

131 3324 323 3383 quem
352 3307 706 3382 posteriore
733 3313 946 3366 aetate
980 3307 1579 3382 frequentissimum
1613 3322 1754 3365 esse
1789 3308 2062 3363 constat.
2124 3301 2219 3363 Os.

132 3415 419 3488 exempli
444 3397 660 3491 gratis
692 3414 849 3475 Call.
875 3431 939 3472 v.
963 3415 1136 3490 Hyp.
1163 3432 1226 3490 p.
1248 3407 1356 3490 60,
1375 3408 1410 3471 7
1439 3413 1645 3472 Bonn.
1672 3408 1787 3470 τὸν
1819 3406 1933 3484 μὲν
1965 3402 2221 3482 ἐθεώρει

132 3513 584 3592 πλαγιάζοντα,
653 3516 769 3581 τὸν
825 3517 895 3579 δέ
951 3519 1357 3594 στρηνιῶντα
1409 3512 1541 3578 ἀπὸ
1601 3511 1963 3592 εὐφρασίας
2012 3509 2103 3588 ὡς
2151 3510 2222 3575 ἐν

133 3619 333 3707 ἀγρῷ,
381 3643 442 3703 p.
495 3620 709 3698 81,15
756 3620 837 3699 ἦν
871 3619 992 3700 γὰρ
1027 3621 1064 3685 ὁ
1110 3621 1355 3699 δαίμων
1402 3617 1530 3684 ἀπὸ
1579 3618 1940 3698 περιεργίας
1985 3619 2220 3696 δεινῆς.
