2581 4081
1162 237 1233 292 57

143 434 347 494 τυρας
401 467 415 481 .
466 460 480 476 .
533 413 922 492 μετήγεγκαν
970 412 1060 491 εἰς
1118 412 1233 476 τὸν
1281 410 1557 476 ἑκάστου
1616 413 1820 477 τόπον
1867 414 2001 492 τῆς
2030 411 2247 476 αὐτῶν

144 521 560 598 καταθέσεως
609 520 767 584 κατὰ
813 523 930 598 τὴν
977 523 1432 598 προφανεῖσαν
1480 517 1711 598 ὅρασιν
1756 525 1848 605 τῷ
1895 519 2055 605 ἁγίῳ
2103 521 2246 598 Γρη-

144 629 352 712 γορίῳ
400 626 610 704 οὕτως
659 626 1139 703 τελειώσαντες.

330 741 402 798 Ρ.
435 734 536 810 12,
563 734 604 797 3
652 739 935 815 legimus
971 731 1522 811 βουλευσάμενοι.
1552 781 1566 796 .
1616 734 1769 797 τίνι
1816 731 2247 811 ἐγχειρίσαι

147 842 273 919 τὴν
333 840 694 918 ἐπισκοπὴν
751 852 816 903 et
875 844 1174 903 similiter
1234 860 1298 919 p.
1347 838 1454 914 40,
1508 840 1586 903 17
1647 838 1774 914 ἐγὼ
1833 840 1903 902 δὲ
1962 838 2247 903 διδάσκω

145 948 354 1013 αὐτὸν
401 947 468 1011 τί
517 949 860 1023 ποιῆσαι.
953 951 1096 1027 Quo
1146 953 1227 1011 de
1286 967 1413 1009 usu
1460 951 1768 1010 infinitivi
1820 967 1968 1010 eum
2017 966 2248 1026 prono-

146 1061 329 1118 mine
377 1059 853 1136 interrogativo
912 1060 1243 1119 coniuncti
1293 1059 1482 1117 multi
1550 1060 1827 1134 egerunt
1872 1058 2003 1116 viri
2051 1057 2247 1127 doeti,

147 1168 341 1224 velut
387 1166 659 1224 Kiihner
719 1164 1006 1225 Gramm.
1055 1182 1155 1243 gr.
1204 1183 1267 1241 p.
1318 1159 1450 1224 590
1498 1165 1647 1223 adn.
1713 1161 1770 1234 1,
1841 1164 2108 1224 Lobeek
2164 1165 2250 1223 ad

146 1273 402 1347 Phryn.
474 1289 537 1347 p.
612 1267 647 1330 7
656 1267 691 1330 7
699 1266 760 1344 2,
845 1272 916 1331 Ρ.
982 1273 1220 1331 Knoell
1298 1271 1701 1330 Fabularum
1769 1270 2249 1330 Babrianarum

148 1379 578 1454 paraphrasis
646 1378 1003 1438 Bodleiana
1054 1373 1220 1438 1877
1304 1379 1505 1437 indie.
1566 1394 1629 1452 p.
1680 1371 1785 1453 71,
1856 1377 2109 1438 Usener
2165 1379 2249 1436 ad

147 1503 219 1544 v.
273 1485 595 1544 Theodos.
669 1501 732 1560 p.
787 1479 931 1544 145.
1041 1484 1222 1560 Quae
1293 1487 1359 1544 in
1418 1484 1716 1545 Callinici
1780 1485 1921 1542 vita
1977 1484 2250 1560 Hypatii

150 1594 423 1652 exstant
455 1593 760 1667 exempla
791 1592 1076 1652 editores
1110 1595 1584 1670 congesserunt
1613 1593 1684 1650 in
1714 1591 2009 1650 indiculo
2040 1607 2251 1668 gram·

150 1700 404 1759 matioo
454 1717 519 1775 p.
558 1695 680 1759 187
733 1702 974 1759 omisso
1021 1718 1152 1760 uno
1186 1702 1329 1759 loeo
1366 1695 1467 1770 78,
1495 1693 1557 1765 5,
1608 1716 1736 1773 quo
1783 1701 1958 1758 sieut
2001 1716 2064 1774 p.
2103 1693 2250 1769 113,

156 1802 240 1864 11
312 1807 733 1866 scribendum
806 1810 907 1865 est
963 1803 1063 1865 καὶ
1124 1802 1182 1866 τί
1241 1805 1507 1879 ποιῆσαι
1565 1799 1683 1863 οὐκ
1738 1798 1838 1878 ἦν.
1932 1806 2254 1881 Exempla

151 1912 339 1987 apud
402 1913 655 1972 Dueam
721 1914 1049 1973 exstantia
1112 1930 1176 1971 v.
1243 1916 1311 1973 in
1381 1913 1601 1972 indiee
1683 1913 1785 1970 ed.
1834 1911 2038 1971 Bonn.
2088 1929 2138 1971 s.
2188 1928 2252 1969 v.

152 2012 312 2093 ἔχω.
407 2019 624 2079 Nihilo
695 2023 915 2080 tamen
983 2022 1185 2080 setius
1239 2021 1342 2081 Jo.
1393 2019 1727 2079 Draeseke
1785 2018 1885 2077 his
1951 2019 2254 2079 omnibus

159 2127 489 2202 neglectis
549 2128 615 2186 in
683 2144 963 2186 censura
1018 2125 1327 2187 editionis
1385 2130 1645 2186 nostrae
1706 2122 2256 2201 (Woehensehrift

153 2235 268 2292 fiir
317 2234 510 2292 elaSS.
558 2234 790 2293 Philol.
843 2227 1013 2293 1896
1061 2252 1122 2309 p.
1172 2229 1330 2308 375)
1392 2234 1663 2310 Hauptii
1722 2234 2169 2292 eonieeturam
2217 2249 2257 2291 a

151 2340 352 2401 nobis
397 2341 632 2399 merito
664 2342 974 2399 reiectam
1007 2342 1470 2417 redintegrans
1515 2357 1579 2415 p.
1608 2335 1710 2410 12,
1744 2333 1785 2397 3
1835 2339 2036 2397 seribi
2067 2339 2257 2399 iussit

153 2442 281 2505 τίνι
329 2441 766 2531 ἐγχειρίσαιεν.
863 2446 1071 2522 Quam
1121 2449 1204 2505 ob
1252 2463 1390 2505 rem
1440 2463 1520 2505 ne
1569 2463 1746 2505 nune
1792 2446 2061 2519 quidem
2108 2452 2258 2504 aeta

154 2568 359 2629 agere
416 2553 575 2611 mihi
634 2553 884 2622 videor,
950 2555 1004 2611 si
1057 2554 1276 2613 omnia
1343 2569 1512 2627 quae
1568 2552 1727 2611 mihi
1788 2557 2048 2627 praesto
2108 2555 2260 2611 sunt

154 2660 356 2717 huius
424 2659 730 2717 infinitivi
803 2676 963 2718 usus
1037 2660 1344 2734 exempla
1411 2661 1479 2718 in
1545 2660 1835 2718 medium
1906 2660 2256 2733 proferam.

154 2765 432 2839 Nieeph.
494 2781 556 2823 v.
618 2765 921 2825 Andreae
982 2765 1116 2844 Sali
1177 2767 1315 2824 AA.
1377 2765 1483 2825 SS.
1546 2766 1673 2824 Mai
1723 2763 1814 2823 VI
1871 2781 1936 2839 p.
1990 2755 2133 2823 17’Μ
2176 2763 2257 2837 μὴ

156 2864 330 2943 ἔχων
375 2866 434 2929 τί
468 2864 936 2944 διαπράξασθαι
984 2875 1049 2929 et
1081 2873 1278 2946 paulo
1325 2872 1502 2930 infra
1549 2867 1703 2944 μήτε
1749 2866 2042 2944 κάλυμμα
2090 2864 2258 2944 ἔχων

156 2972 196 3050 ἢ
249 2974 375 3035 ποῦ
425 2974 541 3050 τὴν
601 2974 888 3052 κεφαλὴν
947 2975 1176 3054 κλῖναι,
1246 2969 1408 3035 20*b
1457 2970 1534 3035 οὐ
1589 2973 1710 3051 γὰρ
1759 2971 1886 3051 ἔχω
1941 2975 2081 3050 πῶς
2132 2977 2260 3050 διη-

156 3079 509 3162 γήσασθαι,
581 3073 743 3143 53*‹1
775 3083 913 3156 τοῖς
961 3082 1044 3158 μὴ
1093 3078 1317 3157 ἔχουσι
1365 3082 1491 3142 ποῦ
1514 3081 1654 3157 ’τὴν
1697 3081 1984 3158 κεφαλὴν
2030 3083 2258 3161 κλῖναι,

157 3186 342 3251 60*”-
368 3185 564 3263 αὐτὸς
622 3185 679 3248 τί
735 3199 810 3249 σε
869 3180 1204 3265 ὠφελῆσαι
1263 3185 1381 3250 οὐκ
1432 3185 1581 3269 ἔχω,
1672 3182 1828 3250 62’ἰιειι
1876 3188 1957 3264 μὴ
2016 3185 2261 3265 ἔχουσα

157 3293 219 3357 τί
279 3291 762 3375 εἰσπράξασθαι,
869 3289 1028 3357 85*‹¹
1085 3293 1143 3357 τί
1204 3295 1438 3373 δρᾶσαι
1494 3296 1576 3372 μὴ
1640 3292 1828 3375 ἔχων,
1925 3289 2125 3356 101”Μ
2178 3296 2259 3372 μὴ

159 3398 424 3476 ἔχοντες
482 3401 600 3476 τὴν
657 3401 946 3478 κεφαλὴν
992 3402 1119 3462 ποῦ
1168 3403 1394 3464 κλῖναι.
1491 3406 1643 3465 Vita
1689 3405 2061 3480 Eupraxiae
2112 3421 2167 3462 e.
2220 3399 2260 3462 8

159 3511 300 3570 AA.
372 3510 482 3570 SS.
542 3511 729 3570 Mart.
795 3512 860 3570 H
930 3529 992 3588 p.
1042 3507 1172 3571 922
1243 3507 1361 3571 οὐκ
1429 3507 1595 3586 ἔχεις
1665 3510 1793 3571 ποῦ
1863 3508 2261 3584 κοιμηθῆναι.

162 3615 465 3693 Gregorii
529 3618 668 3677 vita
727 3618 955 3677 Basilii
1014 3619 1156 3678 Iun.
1219 3619 1356 3677 AA.
1409 3619 1517 3680 SS.
1575 3620 1765 3679 Mart.
1822 3618 1919 3678 111
1979 3634 2043 3694 p.
2091 3610 2261 3677 24*b
