2581 4081
1159 271 1227 324 27

331 449 463 511 400
528 460 789 513 exeunte
855 471 1029 512 anno
1088 454 1478 511 Aurelianus
1545 471 1690 510 cum
1760 452 2117 512 Saturnino
2187 455 2243 509 ct

145 564 397 620 Ioanne
445 563 663 620 comite
713 547 1333 638 Constantinopolim
1377 562 1643 619 redeunt
1665 557 1713 633 1)

146 821 245 886 qui
283 825 601 884 postremus,
643 824 907 883 quantum
946 820 1069 880 scio,
1111 819 1178 869 de
1214 819 1318 869 hac
1354 835 1412 869 re
1452 819 1564 883 egit
1603 816 1734 879 (Des
1762 818 2022 882 Synesius
2059 833 2111 864 v.
2138 816 2245 878 Ky-

146 924 281 959 rene
321 907 673 973 aegyptische
712 907 1092 973 Erzezhlungen
1133 904 1273 957 1886
1312 925 1363 973 p.
1411 902 1637 968 19—26)
1675 907 1983 956 Fabricium
2022 912 2244 954 secutus

149 997 281 1048 bibl.
322 1013 400 1062 gr.
430 997 562 1046 VIII
601 1014 650 1059 p.
690 992 797 1045 224
822 996 1050 1046 Gainam
1089 997 1519 1062 intellegendum
1557 1011 1676 1045 esse
1703 998 1876 1060 putat,
1915 1008 2096 1054 errare
2123 1008 2245 1042 eum

149 1086 316 1136 facile
370 1091 548 1151 potest
595 1076 968 1135 demonstrari.
1060 1086 1198 1134 Nam
1255 1085 1370 1135 fere
1428 1085 1621 1145 omnia,
1680 1099 1822 1149 quae
1864 1082 2122 1145 Synesius
2179 1080 2245 1129 de

150 1174 434 1239 Typhonis
474 1174 585 1223 vita
626 1174 912 1224 memoriae
951 1174 1148 1239 prodit,
1197 1175 1252 1223 in
1292 1174 1518 1223 Gainarn
1559 1188 1666 1223 non
1704 1172 1991 1237 quadrant.
2068 1170 2248 1233 Atque

149 1263 386 1328 primum
427 1263 645 1327 quidem
683 1263 914 1328 Typhon
954 1263 1256 1328 Aegyptius
1306 1263 1339 1310 i.
1390 1274 1435 1311 e.
1476 1263 1765 1323 Romanae,
1825 1260 2029 1310 Gainas
2066 1263 2249 1307 autem

152 1351 368 1401 Gothus
407 1356 504 1400 est.
579 1351 719 1400 Dein
756 1351 983 1401 Gainam
1024 1366 1235 1416 semper
1273 1350 1498 1400 militem
1536 1350 1703 1398 fuisse
1753 1352 1978 1410 constat,
2037 1347 2105 1396 de
2144 1347 2248 1410 Ty·

150 1440 335 1505 phone
372 1444 556 1489 autem
594 1439 945 1489 adulescente
973 1439 1231 1503 Synesius
1271 1438 1399 1488 dicit
1437 1438 1481 1499 Ι,
1516 1434 1550 1487 3
1588 1454 1639 1502 p.
1679 1433 1712 1485 9
1748 1437 2078 1501 Krabinger:
2116 1430 2147 1483 ὃ
2188 1431 2248 1483 δὲ

149 1523 356 1589 ταμίας
393 1539 455 1576 τε
494 1525 798 1590 χρημάτων
835 1525 1183 1589 ἀποδειχθεὶς
1223 1564 1234 1576 .
1277 1564 1287 1574 .
1331 1563 1341 1575 .
1383 1524 1626 1590 ᾔσχυνεν
1667 1522 1870 1574 ἑαυτόν
1907 1537 1969 1573 τε
2008 1522 2098 1572 καὶ
2146 1519 2249 1571 τὸν

154 1612 428 1677 ἑλόμενον
476 1615 690 1677 κλοπῆς
736 1628 798 1665 τε
844 1611 1133 1678 δημοσίων
1173 1613 1343 1675 ἁλοὺς
1391 1613 1480 1663 καὶ
1530 1609 1877 1676 δωροδοκίας
1915 1612 2005 1662 καὶ
2043 1609 2250 1674 ἐμπλη-

155 1702 274 1764 ξίας
313 1701 391 1764 εἰς
426 1703 534 1765 τὴν
573 1702 861 1767 διοίκησιν.
937 1707 1076 1756 Tum
1116 1706 1318 1756 Gainas
1356 1706 1489 1755 urbe
1528 1705 1719 1755 relicta
1756 1705 1811 1753 in
1848 1702 2081 1752 Thracia
2118 1701 2251 1750 occi-

157 1794 323 1856 ditur,
365 1793 595 1858 Typhon
634 1800 815 1843 autem
857 1795 912 1843 in
950 1795 1083 1844 urbe
1122 1795 1177 1843 in
1215 1794 1436 1844 vincula
1473 1794 1750 1843 coniectus
1796 1808 1830 1841 a
1870 1792 2037 1841 fratre
2076 1805 2254 1839 serva-

156 1889 265 1932 tur.
342 1881 747 1931 Porro·Gainas
795 1883 908 1946 ipse
961 1883 1029 1931 ab
1069 1883 1315 1945 Arcadio,
1372 1888 1434 1932 ut
1472 1882 1686 1931 Arianis
1734 1880 1965 1930 ecclesia
2016 1878 2253 1939 daretur,

158 1970 491 2035 impetravit,
531 1971 791 2035 Synesius
829 1968 1013 2021 autem
1050 1972 1077 2020 I
1117 1968 1199 2038 18>
1222 1988 1274 2036 p.
1312 1966 1383 2019 44
1402 1987 1443 2020 s.
1483 1971 1641 2020 dicit:
1699 1968 1729 2018 ὁ
1768 1967 1979 2032 Τυφὼς
2017 1966 2121 2016 οὐκ
2160 1965 2255 2016 αὐ-

157 2057 538 2122 τοπρόσωπος
578 2057 688 2109 δέει
726 2062 830 2110 τοῦ
855 2056 1160 2121 Αἰγυπτίου
1200 2058 1467 2123 πλήθους,
1509 2057 1647 2109 ἀλλὰ
1688 2056 1779 2108 διὰ
1815 2059 1933 2107 τῶν
1963 2053 2256 2121 βαρβάρων
2336 2080 2342 2086 -

160 2144 467 2211 εἰσφρῆσαί
505 2162 567 2197 τε
608 2146 839 2199 ἐπέθετο
878 2148 968 2198 καὶ
1007 2145 1158 2211 ἱερὸν
1197 2146 1256 2198 ἐν
1312 2146 1469 2197 ἄστει
1508 2146 1721 2197 δοῦναι.
1797 2147 2050 2210 Denique
2090 2145 2258 2209 Syne-

160 2239 226 2288 sii
268 2237 498 2301 Typhon
536 2237 704 2287 frater
752 2243 836 2286 est
874 2237 1099 2288 Osiridis
1151 2238 1184 2286 i.
1237 2253 1282 2286 e.
1325 2237 1604 2286 Aureliani
1660 2234 1895 2285 consulis
1950 2233 2079 2288 anni
2134 2229 2255 2281 400.

158 2328 329 2377 Hunc
383 2328 525 2377 enim
565 2328 828 2378 Osiridem
886 2343 1005 2378 esse
1045 2328 1258 2392 Synesii
1314 2329 1454 2378 inter
1503 2341 1703 2391 omnes,
1738 2330 1950 2376 constat
1997 2337 2177 2386 neque
2227 2337 2259 2370 a

162 2415 392 2465 Gaisero
434 2421 679 2482 negatur.
755 2418 937 2481 Atque
977 2419 1232 2482 quoniam
1271 2418 1498 2481 scriptor
1536 2417 1591 2465 in
1629 2416 1778 2465 libris
1816 2412 1942 2477 περὶ
1989 2405 2258 2474 προνοίας

158 2504 218 2554 id
256 2505 433 2569 ipsum
471 2505 701 2556 maxime
739 2505 840 2554 sibi
879 2504 1258 2570 explicandum
1297 2505 1593 2569 proposuit,
1649 2503 1915 2568 quomodo
1963 2501 2070 2551 duo
2122 2501 2259 2549 eius-

163 2594 289 2644 dem
328 2594 496 2655 patris
533 2592 629 2642 filii
667 2593 1030 2644 diversissima
1067 2608 1184 2643 esse
1225 2597 1452 2658 possunt
1488 2599 1702 2653 natura,
1760 2592 1977 2655 ineptus
2016 2589 2257 2655 profecto

163 2688 329 2744 esset,
369 2682 462 2745 qui
500 2687 720 2746 putaret
757 2682 1026 2733 hominem
1064 2682 1234 2740 illum,
1276 2682 1370 2746 qui
1408 2681 1510 2730 sub
1536 2679 1812 2742 Typhonis
1838 2693 2068 2743 persona
2107 2678 2261 2737 latet,

162 2786 273 2819 non
325 2786 381 2819 re
433 2786 563 2819 vera
603 2771 881 2820 Aureliani
932 2771 1153 2821 fratrem
1203 2771 1387 2833 fuisse,
1445 2770 1540 2820 sed
1587 2769 1642 2818 id
1690 2784 1723 2818 a
1764 2767 1987 2830 Synesio
2038 2765 2260 2816 fabulae

162 2859 538 2924 Aegyptiacae
579 2860 755 2924 gratia
791 2859 976 2909 fictum
1018 2876 1153 2910 esse.

346 2947 585 3008 Accedit,
623 2947 767 3011 quod
805 2948 860 2996 in
899 2944 1222 3013 προθεωρίᾳ
1261 2948 1412 2997 libris
1450 2946 1574 3011 περὶ
1614 2942 1879 3009 προνοίας
1905 2943 2145 3013 praefixa
2173 2959 2259 2993 ex-

166 3036 364 3101 pressis
403 3036 580 3085 verbis
622 3036 818 3085 dicitur
855 3036 1096 3086 fabulam
1135 3053 1254 3088 esse
1296 3037 1363 3086 de
1402 3035 1526 3085 filiis
1565 3036 1746 3085 Tauri.
1825 3034 2000 3095 Quam
2040 3032 2262 3083 subditi-

168 3126 307 3174 ciam
347 3140 464 3174 esse
504 3124 696 3175 Gaiser
734 3125 951 3174 minime
990 3125 1253 3189 probavit.

350 3209 403 3276 l)
444 3213 705 3277 Synesius
753 3212 787 3260 l.
830 3229 874 3261 c.
914 3213 968 3261 11
1008 3210 1042 3263 3
1089 3231 1141 3276 p.
1178 3210 1276 3264 56:
1335 3208 1556 3274 σπουδή
1607 3223 1670 3260 τε
1718 3212 1871 3260 πᾶσα
1919 3205 2008 3271 ἐφ’
2050 3208 2097 3275 ᾧ
2146 3207 2263 3260 δια-

172 3302 333 3364 βῆναι
370 3300 506 3362 τοὺς
545 3299 762 3361 Σκύθας
800 3301 853 3359 (i.
896 3318 940 3351 e.
983 3301 1212 3352 Gainam
1251 3308 1307 3351 et
1345 3296 1571 3365 Gothos)
1624 3299 1714 3349 καὶ
1753 3301 1855 3349 τοῦ
1895 3296 2171 3361 ῥεύματος
2210 3300 2262 3356 (i.

169 3390 535 3453 Hellesponti)
576 3387 665 3439 ἐπὶ
705 3387 910 3454 θάτερα
949 3389 1002 3449 (i.
1032 3391 1086 3438 in
1114 3386 1338 3452 Asiam),
1376 3386 1471 3438 ἵνα
1511 3387 1584 3451 μὴ
1626 3387 1680 3439 ἐξ
1720 3384 1973 3450 ἡμισείας
2010 3385 2080 3437 τὰ
2102 3384 2263 3448 Αἰγύ-

169 3493 303 3529 πτια
345 3481 398 3542 (i.
426 3482 711 3545 imperium
738 3477 1059 3542 Romanum)
1098 3475 1335 3540 πράττοι
1363 3480 1567 3540 κακῶς,
1609 3475 1794 3527 πάντα
1822 3475 1882 3526 δὲ
1910 3474 2263 3538 πανταχόθεν

172 3565 386 3630 α’ίροιτο
429 3567 517 3617 καὶ
558 3565 630 3629 μὴ
671 3564 995 3628 σχολάζοιεν
1033 3565 1313 3629 ἐπιζητεῖν
1333 3564 1552 3630 Ὄσιριν
1595 3568 1647 3624 (i.
1672 3565 2067 3625 Aurelianum).
2144 3565 2266 3616 Gai·
2331 3563 2332 3566 ’

171 3673 268 3707 nas
319 3664 505 3706 autem
552 3656 829 3707 consilium
873 3656 1288 3721 Hellespontum
1348 3656 1666 3707 transeundi
1724 3654 1986 3721 perficere
2042 3660 2268 3704 conatus
