2581 4081
1145 239 1208 294 11

126 430 508 490 Ianuarium
556 440 620 488 et
666 431 958 506 Aprilem
989 427 1035 505 ¹)
1086 427 1175 506 (v.
1226 449 1288 507 p.
1338 426 1445 500 46,
1481 427 1593 506 24)
1642 449 1682 490 a
1729 432 1947 492 Marco
2006 440 2222 493 autem

125 539 295 597 falso
358 539 556 598 etiam
628 541 863 600 ceteris
933 542 1266 600 mensibus
1338 542 1746 607 attributum¹
1784 545 1899 599 est.
1993 541 2223 615 Itaque

125 646 421 720 episcopi
482 665 610 706 non
672 649 778 707 die
823 648 1070 718 XXIII,
1139 649 1255 708 sed
1314 647 1419 706 die
1465 648 1654 707 XXV
1701 664 1783 706 111.
1837 647 2012 723 Sept.
2063 648 2222 708 Con-

125 753 618 828 stantinopolim
667 756 944 830 profecti
993 762 1161 814 sunt.

307 862 577 922 Maximi
626 869 842 924 autem
892 866 1203 923 momenti
1259 871 1359 923 est
1403 866 1567 923 haec
1627 866 1872 923 codicis
1919 864 2223 924 Hieroso-

126 966 430 1040 lymitani
477 971 671 1029 lectio
703 966 809 1046 30,
849 965 929 1029 18
957 987 1007 1030 s,
1057 972 1142 1030 ad
1190 972 1649 1030 constituenda
1696 978 1992 1046 tempora
2038 971 2224 1029 itine-

126 1075 216 1132 ris
295 1094 336 1134 a
411 1078 776 1153 Porphyrio
854 1078 1485 1153 Constantinopolim
1564 1078 1744 1148 facti,
1825 1079 1907 1137 de
1986 1079 2223 1153 quibus

125 1200 302 1242 nunc
350 1185 612 1243 demum
663 1186 945 1243 certiora
990 1185 1268 1259 proferri
1318 1190 1608 1258 possunt.

307 1289 671 1350 Gentianus
742 1291 1068 1350 Hervetus
1146 1292 1354 1348 verba,
1426 1285 1532 1359 30,
1598 1286 1678 1349 18
1734 1308 1783 1350 s.
1855 1292 1922 1350 in
1994 1292 2222 1350 codice

128 1395 622 1455 Vindobonensi
683 1403 992 1471 corrupta
1058 1394 1167 1469 (cf.
1230 1397 1334 1455 ed.
1394 1397 1571 1471 Lips.
1639 1399 1844 1472 praef.
1913 1416 1975 1474 p.
2039 1394 2221 1471 VIII)

127 1502 220 1561 sic
269 1503 592 1562 reddidit:
642 1498 1055 1578 ‘navigamus
1087 1503 1401 1562 vicesimo
1451 1504 1644 1561 tertio
1677 1501 1960 1566 mensis³.
2047 1506 2220 1564 Hen-

127 1609 330 1667 schen
402 1601 562 1687 (AA.
614 1610 722 1670 SS.
771 1610 963 1668 Febr.
1023 1609 1114 1668 III
1184 1627 1247 1685 p.
1299 1604 1452 1683 647)
1523 1611 1589 1668 in
1650 1611 2071 1671 adnotatione
2136 1612 2221 1671 ad

119 1716 301 1775 hunc
353 1718 564 1776 locum
613 1718 788 1775 facta
836 1717 1001 1775 nihil
1066 1717 1191 1774 nisi
1238 1718 1482 1775 mensis
1529 1715 1931 1777 Gazaeorum
1980 1736 2217 1778 nomen

120 1824 452 1882 excidisse
499 1824 854 1882 arbitratus
900 1818 1321 1883 ‘vicesimum
1365 1826 1629 1884 tertium
1677 1826 1918 1884 mensis
1959 1822 2220 1884 Peritii³

120 1925 263 2003 (qui
335 1930 466 1988 diei
531 1929 719 1989 XVII
775 1947 858 1988 m.
932 1930 1277 1989 Februarii
1351 1927 1727 2006 respondet)
1799 1933 2218 1991 scribendum

118 2036 397 2095 censuit.
493 2036 607 2096 Cui
657 2037 828 2110 quod
889 2054 971 2095 ne
1019 2037 1232 2096 codex
1280 2038 1546 2111 quidem
1595 2037 1644 2096 B
1705 2038 1978 2096 meliora
2035 2055 2218 2115 prae-

120 2145 265 2202 buit
333 2145 626 2202 obsecuti
686 2160 906 2202 sumus
960 2145 1027 2202 in
1089 2144 1374 2203 editione
1421 2145 1765 2219 Lipsiensi‚
1817 2161 1964 2204 cum
2012 2147 2218 2204 verba-

118 2245 322 2327 ὀγδόῃ
372 2247 474 2309 καὶ
522 2245 719 2309 εἰκάδι
768 2246 943 2328 τρίτῃ
992 2252 1059 2309 in
1094 2252 1435 2311 codicibus
1469 2252 1517 2309 B
1551 2258 1615 2310 et
1649 2252 1703 2310 V
1753 2253 1996 2310 tradita
2042 2253 2212 2323 haud

117 2359 209 2416 ita
259 2358 523 2416 difficile
580 2375 664 2415 ex
712 2351 911 2435 ὀγδόῃ
961 2354 1063 2415 καὶ
1112 2351 1310 2415 εἰκάδι
1356 2351 1659 2430 Περιτίου
1724 2359 2054 2432 corrumpi
2103 2375 2214 2434 po-

118 2465 322 2523 tuisse
392 2464 794 2522 viderentur.
890 2463 1018 2523 Sed
1083 2465 1209 2522 iam
1263 2464 1614 2523 Tillemont
1682 2461 1873 2539 (Hist.
1935 2466 2094 2523 eccl.
2152 2466 2214 2523 X

127 2565 295 2629 1732
346 2588 407 2644 p.
459 2564 613 2642 846)
685 2577 1027 2629 monuerat
1074 2570 1446 2628 Henscheni
1505 2571 1919 2628 coniecturae
1977 2587 2214 2647 repug-

117 2693 280 2735 nare
315 2655 530 2735 ‘Marci
576 2677 782 2734 verba
829 2671 933 2746 30,
983 2670 1025 2734 4
1080 2671 1119 2748 ἡ
1167 2670 1288 2748 γὰρ
1338 2672 1655 2749 χειμέριος
1717 2672 1922 2749 τροπὴ
1984 2672 2215 2736 λοιπὸν

117 2776 632 2856 ἐπιλαμβάνεται.
728 2785 823 2840 Ac
889 2782 1184 2857 profecto
1256 2784 1418 2841 haec
1484 2784 1666 2842 nullo
1732 2784 1924 2841 modo
1993 2801 2214 2842 mense

116 2891 361 2949 Peritio
409 2891 447 2947 i.
501 2907 557 2947 e.
607 2889 966 2947 Februario
1030 2889 1160 2946 dici
1210 2896 1580 2962 potuerunt.
1678 2888 1885 2963 Quam
1946 2891 2029 2947 ob
2077 2906 2213 2947 rem

117 2996 400 3055 coniecit
448 2997 789 3071 episcopos
840 2994 944 3053 die
984 2995 1210 3054 XXIII
1243 3013 1327 3056 m.
1365 2995 1659 3069 Apellaei
1708 2997 1749 3052 i.
1786 3013 1840 3054 e.
1877 3013 1959 3053 ex
2009 2997 2213 3069 ipsius

117 3104 442 3162 sententia
469 3098 518 3175 2)
570 3104 633 3160 (1.
681 3102 902 3161 XVIII
935 3119 1020 3160 m.
1069 3102 1450 3161 Decembris
1498 3119 1556 3160 a.
1605 3097 1737 3160 400
1763 3101 2214 3162 Constantino-

120 3210 321 3284 polim
373 3211 705 3285 profectos
754 3226 914 3267 esse.

302 3463 351 3525 1)
392 3465 471 3514 Cf.
512 3466 695 3516 Ideler
732 3465 768 3514 l.
807 3483 852 3514 c.
892 3483 943 3528 p.
983 3463 1103 3516 438.

295 3549 348 3616 9)
394 3554 474 3602 Re
514 3569 645 3603 vera
684 3554 798 3604 dies
838 3556 1025 3604 XXIII
1064 3573 1130 3605 m.
1172 3557 1422 3620 Apellaei
1463 3557 1568 3606 diei
1611 3558 1742 3606 XIX
1783 3575 1848 3606 m.
1898 3558 2211 3610 Decembris

116 3642 421 3706 respondet.
1152 3643 1171 3666 x
