2581 4081
1356 242 1427 296 52

347 440 465 499 per
509 420 598 498 (1,
627 420 687 483 7.
735 419 798 500 4,
833 419 933 482 12.
966 418 1067 482 19.
1116 419 1223 495 20,
1254 419 1319 498 7)
1368 440 1518 483 cum
1552 425 1774 483 dativo
1807 426 2250 485 coniunctum.
2320 429 2456 504 Qui

345 546 503 588 usus
548 531 747 589 etiam
795 531 861 589 in
897 530 1209 606 Stephani
1256 531 1560 589 thesauro
1601 539 2144 591 commemoratur
2190 535 2458 594 collatis

346 639 557 697 tribus
603 637 764 695 locis
812 654 898 695 ex
945 636 1183 695 Malala
1230 638 1452 712 petitis
1499 653 1561 712 p.
1597 631 1750 711 439,
1781 631 1885 696 19.
1932 632 2084 709 440,
2106 633 2166 697 3.
2190 633 2253 698 6.
2321 643 2458 700 Ex-

346 751 473 803 stat
504 722 717 803 ⁴etiam
775 745 952 819 apud
999 744 1454 803 Alexandrum
1499 745 1890 804 monachum
1938 747 2020 804 de
2066 746 2457 808 inventione

346 868 396 909 6.
447 850 662 909 crucis
707 849 883 910 PGM
928 850 1302 910 LXXXVII
1327 845 1368 908 3
1417 866 1480 925 p.
1507 844 1727 909 4052ss
1765 845 1911 910 τότε
1960 847 2037 924 δὴ
2086 845 2305 912 ἔννοιά
2350 871 2455 929 τις

344 951 732 1029 ὑπεισῆλθεν
781 951 971 1036 αὐτῷ.
1059 957 1357 1031 Denique
1392 958 1512 1016 etsi
1547 950 1882 1016 εὔοδοῦν
1912 959 2037 1017 rite
2071 976 2222 1018 cum
2254 976 2456 1020 accu-

346 1064 556 1125 sativo
615 1065 891 1122 struitur
946 1060 1058 1137 (cf.
1107 1063 1289 1124 LXX
1337 1062 1499 1123 Gen.
1549 1058 1655 1134 24,
1683 1059 1790 1122 21.
1817 1059 1929 1138 27)
1988 1072 2167 1124 recte
2224 1074 2451 1126 tamen

345 1171 521 1244 apud
568 1171 859 1231 Marcum
908 1171 1079 1228 tradi
1125 1176 1283 1244 puto
1331 1187 1394 1244 p.
1444 1164 1551 1240 32,
1580 1165 1615 1228 7
1683 1163 1721 1227 ὁ
1790 1165 1912 1242 γὰρ
1986 1166 2135 1243 θεὸς
2187 1214 2201 1230 .
2252 1218 2263 1230 .
2312 1167 2452 1247 ἔχει

348 1270 670 1334 εὐοδῶσαι
718 1270 886 1353 ὑμῖν.
958 1276 1236 1340 Dativus
1268 1278 1444 1335 enim
1491 1278 1736 1353 legitur
1775 1279 1974 1336 etiam
2019 1277 2185 1337 Gen.
2219 1273 2329 1349 24,
2358 1275 2450 1339 28

348 1377 422 1454 ὃς
471 1374 802 1440 εὐόδωσέν
849 1396 954 1455 μοι
1002 1376 1072 1440 ἐν
1122 1376 1257 1461 ὁδῷ
1305 1376 1625 1455 ἀληθείας,
1676 1400 1805 1457 quo
1852 1384 2017 1454 loco,
2077 1386 2253 1458 quod
2299 1386 2452 1444 Anz

345 1491 386 1546 1.
436 1505 493 1547 6.
543 1506 604 1564 p.
654 1482 741 1546 34
788 1505 936 1546 cum
984 1489 1311 1564 Lagardio
1359 1490 1779 1548 scribendum
1837 1490 2092 1548 censuit
2139 1504 2235 1563 με,
2292 1508 2453 1566 pro-

346 1594 637 1653 bandum
685 1611 826 1653 esse
874 1611 1005 1652 11011
1055 1595 1319 1653 videtur
1341 1591 1408 1668 ¹).

522 1701 887 1759 Posteriore
930 1717 1095 1759 aevo
1126 1701 1289 1759 etin
1327 1718 1623 1760 sermone
1656 1703 1914 1778 volgari
1961 1719 2178 1762 usum
2226 1718 2450 1780 prae—

343 1808 836 1882 positionum
883 1807 1089 1865 multo
1122 1808 1637 1881 frequentiorem
1684 1824 1828 1866 esse
1869 1825 2065 1882 quam
2111 1811 2290 1885 apud
2337 1827 2452 1870 ve·

343 1921 515 1973 teres
562 1915 898 1986 bonosque
957 1914 1338 1989 graecitatis
1395 1921 1698 1975 auctores
1757 1931 1880 1973 nec
1927 1931 2075 1974 raro
2125 1917 2450 1992 simplicis

344 2035 535 2079 casus
581 2020 725 2078 loco
773 2020 1325 2095 praepositionem
1357 2020 1657 2079 adhiberi
1705 2026 1929 2080 notum
1977 2028 2095 2081 est.
2144 2022 2253 2082 Sic
2276 2023 2451 2083 Mar·

344 2143 461 2186 cus
508 2126 669 2184 dicit
714 2121 821 2195 41,
856 2121 899 2183 5
953 2121 1378 2200 ἐστεφανώθη
1438 2123 1509 2186 δὲ
1554 2126 1734 2187 πᾶσα
1791 2122 1831 2200 ἡ
1893 2122 2083 2201 πόλις
2141 2125 2243 2187 καὶ
2303 2125 2449 2189 ἑκο-

343 2227 553 2306 σμήθη
612 2225 681 2289 ἔκ
736 2247 803 2290 τε
856 2226 1264 2305 ὁλοσηρικῶν
1325 2229 1426 2291 καὶ
1486 2228 1929 2307 χρυσωμάτων
1975 2242 2041 2293 et
2095 2230 2202 2306 31,
2235 2232 2266 2295 1
2319 2232 2452 2309 τὴν

343 2333 502 2397 κατὰ
549 2333 873 2411 δαιμόνων
931 2331 1272 2414 ἀπέλασιν,
1343 2340 1738 2412 quibuscum
1801 2339 1892 2398 ad
1957 2343 2234 2400 verbum
2291 2336 2449 2402 'fere

343 2446 667 2504 consentit
698 2445 858 2502 Pall.
893 2462 956 2519 p.
989 2438 1157 2502 1082
1172 2435 1225 2498 ⁴³.
1321 2445 1467 2503 Huc
1516 2447 1714 2504 etiam
1762 2447 2117 2523 singularis
2165 2448 2449 2521 quidam

341 2567 497 2612 usus
544 2550 1044 2626 praepositionis
1097 2545 1181 2609 ἑν
1223 2550 1489 2609 videtur
1553 2552 1938 2611 referendus
1996 2568 2157 2620 esse,
2224 2556 2450 2628 qualis

343 2664 560 2715 exstat
605 2673 669 2731 p.
699 2651 802 2732 75,
830 2650 869 2714 8
919 2650 1100 2728 ἐκτὸς
1144 2649 1237 2715 ὧν
1284 2651 1485 2729 αὐτὸς
1532 2655 1836 2730 παρεῖχεν
1884 2658 1962 2717 δι’
2013 2653 2247 2718 ἑαυτοῦ
2297 2659 2449 2735 τοῖς

341 2757 887 2835 προσερχομένοις
947 2756 1121 2841 αὐτῷ
1192 2756 1263 2822 ἔν
1333 2778 1403 2821 τε
1471 2758 1742 2837 ἱματίοις
1813 2760 1914 2822 καὶ
1983 2757 2266 2845 ἀργυρίῳ
2338 2764 2451 2827 καὶ

341 2863 605 2946 χρυσίῳ.
679 2868 883 2943 Quem
915 2869 1385 2943 posterioribus
1418 2871 1820 2945 temporibus
1852 2872 2190 2948 volgarem
2235 2873 2452 2935 fuisse

361 3113 370 3118 -
468 3121 472 3126 -
520 3087 575 3151 1)
612 3090 805 3141 Obiter
842 3075 1032 3141 moneo
1071 3092 1235 3141 etiam
1281 3088 1681 3153 λανθάνειν,
1736 3091 1792 3141 id
1832 3092 1975 3156 quod
2013 3093 2070 3141 in
2106 3092 2297 3144 lexicis
2333 3111 2451 3146 non

340 3179 498 3229 video
518 3179 852 3241 adnotatum,
891 3178 1164 3229 interdum
1192 3194 1316 3229 cum
1346 3180 1528 3230 dativo
1555 3180 1828 3246 coniungi,
1868 3180 2021 3231 velut
2046 3180 2187 3231 Pall.
2214 3181 2344 3233 dial.
2373 3184 2450 3235 de

342 3284 392 3316 v.
431 3268 615 3318 Ioann.
640 3266 828 3332 Chrys.
868 3283 912 3315 c.
935 3263 968 3316 6
1004 3266 1160 3317 PGM
1197 3268 1515 3318 XXXXVII
1553 3264 1698 3331 p.22
1735 3265 1903 3317 οὐδὲν
1939 3266 2047 3331 γὰρ
2087 3266 2244 3334 αὐτῷ
2287 3267 2451 3322 ἑλάν-

341 3354 475 3403 θανε
512 3355 629 3403 τῶν
667 3357 958 3415 πανταχοῦ
997 3354 1406 3418 πραττομένων
1443 3356 1533 3406 καὶ
1573 3354 1936 3419 λαλουμένων
1962 3355 2149 3419 ἔχοντι
2175 3355 2452 3421 ἑργοσκό-

339 3454 482 3501 πους
519 3440 606 3491 καὶ
645 3441 1047 3503 λογοσκόπους.
1123 3445 1351 3508 Niceph.
1392 3461 1445 3494 v.
1484 3444 1738 3496 Andreae
1776 3446 1889 3497 Sali
1926 3446 2040 3497 AA.
2080 3446 2173 3498 88.
2213 3447 2328 3498 Mai
2367 3450 2452 3500 VI

340 3547 391 3592 p.
413 3524 516 3579 96*
538 3524 568 3565 b
607 3528 797 3581 λαθὼν
836 3533 920 3595 τῷ
961 3527 1317 3598 ἀντιχρίστῳ.
1391 3531 1662 3599 Apophth.
1700 3538 1842 3596 patr.
1878 3551 1928 3599 p.
1955 3531 2105 3585 1532
2142 3534 2233 3585 καὶ
2272 3534 2452 3589 οὐδὲν

340 3616 498 3683 αὐτῷ
538 3614 856 3669 ἐλάνθανεν.
