2581 4081
1231 941 1516 1011 Vita.

507 1139 839 1216 Augustus
885 1137 1262 1196 Fridericus
1320 1137 1495 1196 Nuth
1552 1137 1841 1201 Livonus
1898 1144 2089 1198 natus
2148 1155 2299 1198 sum
2360 1138 2439 1198 in

328 1245 477 1304 vico
525 1244 876 1303 Zintenhof
916 1244 979 1302 d.
1027 1237 1095 1321 61¹
1107 1237 1187 1303 18
1234 1260 1321 1301 m.
1356 1242 1530 1319 Sept.
1579 1261 1638 1302 a.
1691 1237 1859 1303 1868
1908 1251 2114 1303 matre
2144 1245 2437 1316 Helena,

328 1357 513 1426 patre
547 1349 849 1428 GeorgiO,
899 1351 1137 1424 quibus
1181 1351 1397 1408 adhuc
1444 1350 1901 1424 superstitibus
1947 1351 2227 1428 gaudeo·
2326 1352 2439 1410 Fi-

330 1458 479 1516 dem
526 1458 834 1533 profiteor
894 1457 1364 1533 evangelicam.
1460 1455 1683 1530 Usque
1740 1458 1819 1514 ad
1885 1457 2117 1515 aetatis
2174 1474 2436 1516 annum

331 1564 657 1623 decimum
706 1564 882 1622 domi
914 1564 1276 1622 litterarum
1313 1564 1652 1621 elementis
1693 1563 1983 1622 imbutus
2030 1564 2216 1621 initio
2265 1565 2436 1623 anni

336 1663 505 1729 1879
554 1671 970 1747 gymnasium
1004 1670 1138 1728 adii
1169 1669 1632 1740 Pernaviense,
1682 1671 1857 1743 quod
1904 1675 2062 1729 tunc
2095 1669 2436 1728 directore

332 1776 611 1853 Hugone
656 1776 922 1852 Lieven‚
989 1782 1135 1851 post
1182 1777 1321 1835 eius
1367 1782 1641 1834 mortem
1689 1776 1810 1834 sub
1859 1775 2171 1850 auspiciis
2218 1774 2439 1835 Theo·

334 1884 477 1942 dori
519 1882 814 1958 Czernay
860 1882 1154 1941 florebat.
1246 1882 1504 1956 Reliqui
1553 1883 1842 1941 scholam
1891 1882 2288 1941 maturitatis
2337 1887 2436 1940 te-

334 1989 710 2049 stimonium
757 1990 1034 2065 adeptus
1080 2004 1304 2048 mense
1337 1988 1684 2048 Decembri
1732 2005 1790 2047 a.
1829 1981 1999 2048 1885
2035 1988 2435 2063 civibusque

332 2097 702 2171 adscriptus
750 2112 894 2155 sum
940 2095 1391 2155 universitatis
1424 2095 1848 2171 Dorpatensis
1895 2095 2083 2153 initio
2116 2111 2173 2152 a.
2229 2088 2434 2153 1886.

333 2203 523 2262 Anno
575 2196 739 2261 1891
794 2203 1097 2262 examine
1145 2209 1451 2277 superato
1503 2197 1522 2219 ²
1548 2202 1939 2260 candidatus
1985 2201 2391 2277 philologiae
2416 2196 2439 2219 ³

333 2310 547 2369 factus
612 2326 775 2368 sum.
880 2309 1072 2368 Anno
1142 2302 1313 2367 1892
1373 2308 1665 2368 Bonnam
1729 2325 1833 2367 me
1900 2308 2167 2378 contuli,
2236 2307 2440 2367 cuius

331 2416 779 2476 universitatis
812 2413 1211 2475 Fridericiae
1246 2413 1636 2475 Guilelmiae
1680 2414 2033 2474 Rhenanae
2067 2396 2197 2489 ‘per
2243 2421 2442 2487 quat-

333 2526 482 2582 tuor
536 2524 675 2581 fere
733 2538 937 2580 annos
993 2522 1159 2580 civis
1217 2523 1333 2580 fui.
1430 2520 1634 2581 Gravi
1690 2523 1917 2581 morbo
1944 2521 2250 2581 ’afflictus
2307 2536 2441 2595 per

334 2636 590 2704 tempus
637 2629 917 2705 longiuS‚
966 2629 1314 2702 quominus
1361 2629 1597 2688 litteris
1629 2644 1895 2703 operam
1928 2643 2262 2697 navarem,
2314 2627 2440 2686 im-

335 2736 595 2811 peditus
664 2741 860 2809 atque
931 2734 1213 2808 denique
1284 2735 1549 2794 domum
1619 2735 1861 2793 reverti
1928 2741 2193 2793 coactus
2259 2749 2437 2793 sum.

335 2843 525 2903 Unde
572 2843 764 2901 huius
812 2842 966 2900 anni
1016 2840 1277 2900 demum
1324 2841 1513 2900 initio
1545 2840 2044 2918 Regiomontum
2090 2839 2440 2916 profectus

336 2965 499 3018 sum,
547 2948 663 3007 ubi
710 2947 1006 3024 Augusto
1048 2947 1452 3006 Brinkmann
1503 2948 1670 3007 duce
1718 2954 1783 3005 et
1828 2954 2252 3023 praeceptore
2302 2952 2440 3006 stu-

338 3056 466 3115 diis
522 3055 735 3114 denuo
792 3071 895 3113 me
954 3055 1211 3132 daremt,
1284 3054 1391 3112 cui
1450 3070 1582 3129 qua
1627 3070 1883 3129 semper
1929 3069 2089 3131 erga
2133 3068 2238 3111 me
2286 3060 2440 3111 erat

220 3166 233 3182 ·
337 3161 582 3222 eximia
628 3160 920 3220 amicitia
967 3166 1032 3218 et
1079 3161 1386 3219 comitate
1434 3160 1788 3234 aliquando
1847 3176 1951 3219 me
2000 3159 2237 3235 dignas
2280 3159 2438 3218 red-

339 3268 627 3330 diturum
683 3283 827 3326 esse
883 3267 1131 3343 gratias
1185 3266 1306 3325 vix
1364 3282 1629 3342 sperare
1676 3279 1959 3342 possum.
2050 3264 2440 3325 Docuerunt

334 3391 440 3434 me
487 3373 615 3432 viri
664 3361 1011 3433 clarissimi
1057 3373 1618 3433 Hoerschelmann
1644 3369 1704 3448 †,
1754 3373 2150 3441 Loeschcke,
2208 3371 2439 3431 Malm·

337 3482 524 3558 berg,
545 3480 1000 3540 Mendelssohn
1016 3477 1077 3556 †,
1099 3480 1172 3538 L.
1186 3480 1432 3556 Meyer,
1460 3479 1844 3556 Schroeder‚
1871 3479 2354 3539 Teichmueller
2367 3473 2435 3554 †,

338 3586 791 3648 Wiscowatow
837 3587 1303 3664 Dorpatenses3
1376 3584 1598 3657 Bethe,
1664 3585 2089 3657 Brinkmann,
2147 3584 2442 3645 Bueche-
