2581 4081
1391 262 1461 317 22

552 460 609 503 c.
657 439 787 504 393
834 446 1095 505 Irenion
1123 444 1340 506 Gazae
1374 446 1718 522 episcopus
1750 445 2026 506 moritur
2039 441 2089 520 ¹)
2124 452 2190 505 et
2214 447 2475 505 Aeneas

375 550 436 608 ei
483 550 780 610 succedit
829 545 931 621 11,
964 545 1044 609 19

553 650 685 715 394
732 663 998 718 eoeeunte
1044 676 1217 718 anno
1248 661 1346 719 vel
1378 661 1508 718 395
1540 661 1800 718 ineunte
1825 659 2101 719 Ioannes
2128 658 2476 720 Caesareae

371 763 444 837 fit
489 763 816 842 episcopus
839 759 890 838 ²)

554 863 686 928 394
733 877 1015 931 exeunte
1048 888 1219 931 anno
1266 874 1374 931 vel
1406 872 1673 931 ineunte
1706 889 1764 931 a.
1799 866 1930 931 395
1963 874 2219 931 Aeneas
2256 871 2473 932 Gazae

379 976 724 1052 episcopus
768 978 1046 1036 moritur
1097 973 1199 1048 11,
1231 973 1313 1037 18

554 1077 686 1142 395
734 1088 796 1143 d.
847 1086 1051 1144 XVII
1085 1105 1170 1144 m.
1229 1086 1375 1144 Ian.
1434 1087 1777 1145 Theodosio
1816 1091 2008 1164 patre
2070 1090 2319 1144 mortuo
2369 1086 2474 1144 Ar-

379 1191 605 1250 cadius
652 1193 912 1251 orientis
956 1194 1225 1271 suscipit
1269 1195 1616 1270 imperium

557 1290 688 1355 395
737 1307 891 1357 ante
939 1314 1229 1357 mensem
1275 1299 1581 1359 Martium
1614 1299 1943 1358 Barochas
1975 1298 2345 1373 Porphyrio
2382 1316 2476 1358 co·

369 1403 606 1462 ‘mitem
657 1419 726 1462 se
773 1403 1076 1480 adiungit
1115 1398 1228 1480 '14,
1259 1399 1342 1463 15

562 1502 693 1568 395
742 1510 805 1568 d.
854 1510 1013 1599 XVI
1055 1525 1140 1569 m.
1189 1511 1376 1570 Mart.
1392 1507 1441 1585 ³)
1486 1511 1888 1586 Porphyrius
1949 1528 1989 1569 a
2036 1511 2279 1569 Ioanne
2330 1510 2478 1571 Cae·

386 1632 611 1675 sareae
678 1617 1094 1690 metropolita
1162 1618 1519 1676 accersitus
1589 1633 1740 1675 cum
1786 1617 2005 1675 Marco
2076 1623 2140 1675 et
2186 1606 2482 1676 Barocha

385 1721 860 1797 Hierosolymis
907 1721 1293 1782 Caesaream
1340 1722 1775 1798 proficiscitur
1826 1716 1927 1791 14,
1955 1716 2042 1780 20
2067 1739 2117 1780 s,

563 1822 695 1887 395
744 1828 807 1887 d.
855 1828 1045 1888 XVII
1079 1846 1163 1889 m.
1212 1829 1399 1888 Mart.
1417 1824 1466 1901 ³)
1515 1822 1669 1903 (ὀψὲ
1715 1822 2019 1906 σαββάτῳ
2074 1822 2175 1899 15,
2204 1822 2273 1901 6)
2331 1828 2481 1888 Por-

385 1926 661 2011 phyrius
709 1934 1095 1994 Caesaream
1143 1937 1444 2012 pervenit
1497 1929 1597 2005 14,
1624 1930 1706 1993 21

563 2035 694 2101 395
742 2042 807 2101 d.
855 2042 1077 2102 XVIII
1141 2060 1224 2101 m.
1294 2044 1480 2102 Mart.
1501 2037 1553 2117 ⁸)
1618 2042 2021 2118 Prophyrius
2088 2043 2171 2100 ab
2237 2042 2483 2101 Ioanne

388 2149 735 2224 episcopus
783 2148 999 2209 Gazae
1048 2158 1311 2209 creatur
1362 2143 1577 2227 15,19
1604 2166 1652 2208 s.

556 2248 695 2335 ,395
744 2256 806 2314 d.
855 2255 986 2315 XX
1039 2270 1121 2313 m.
1171 2255 1357 2314 Mart.
1385 2250 1435 2330 ³)
1494 2255 1895 2330 Porphyrius
1943 2253 2329 2314 Caesaream
2392 2272 2485 2315 re-

385 2362 623 2436 linquit
642 2356 696 2435 4)
745 2367 828 2432 et,
880 2368 1224 2437 postquam
1272 2361 1564 2436 Diospoli
1611 2361 2045 2437 pernoctavit,
2097 2361 2159 2421 d.
2202 2361 2368 2420 XXI
2401 2379 2485 2419 m.
2545 2429 2546 2448 ἶ

386 2468 572 2528 Mart.
622 2484 896 2544 vespere
945 2467 1189 2528 Gazam
1235 2469 1440 2527 intrat
1490 2462 1592 2538 16,
1618 2462 1794 2527 4-6
2545 2457 2546 2460 '

387 2673 555 2725 fuisse
611 2674 844 2737 putavit.
919 2674 991 2724 At
1045 2674 1161 2739 ipse
1211 2674 1430 2723 Marcus
1477 2687 1602 2722 eum
1652 2689 1703 2735 p.
1746 2668 1829 2729 12,
1850 2668 1936 2722 20.
1989 2668 2073 2734 14,
2095 2668 2129 2722 8
2176 2672 2488 2736 Hierosoly·

387 2777 593 2812 morum
639 2764 950 2829 episcopum
1002 2761 1264 2825 appellat.
1338 2762 1539 2827 Itaque
1586 2777 1710 2811 cum
1748 2759 2092 2812 Tillemontio
2131 2756 2297 2824 (Hist.
2352 2762 2488 2811 eccl.

387 2853 437 2902 X
479 2868 530 2915 p.
569 2846 675 2902 845
694 2851 785 2912 ss.)
861 2851 1106 2901 Marcum
1152 2849 1255 2900 hoc
1300 2850 1418 2900 loco
1468 2851 1734 2901 erravisse
1783 2849 2188 2926 concedendum
2227 2855 2328 2899 est.
2409 2851 2489 2900 Cf.

388 2954 554 3004 supra
590 2957 642 3003 p.
683 2936 768 2990 18.

567 3024 620 3092 1)
658 3027 937 3091 Mal-tyrol.
965 3029 1268 3077 Romanum
1307 3026 1379 3077 ad
1417 3026 1467 3076 d.
1493 3027 1623 3076 XVI
1657 3043 1726 3075 m.
1764 3026 1925 3077 Dec.:
1961 3023 2171 3077 ‘Gazae
2209 3026 2261 3075 in
2295 3025 2492 3077 Palae·

388 3118 531 3168 atina
569 3133 611 3167 s.
649 3117 915 3167 Irenionis
953 3117 1191 3182 episcopi
1202 3111 1232 3163 ³.
1798 3137 1803 3141 ·

566 3201 623 3265 2)
661 3205 995 3255 Testimonia
1032 3221 1083 3253 v.
1123 3203 1270 3270 apud
1308 3203 1390 3254 Le
1429 3204 1605 3264 Quien
1642 3204 1678 3253 l.
1719 3218 1763 3252 c.
1802 3218 1854 3268 p.
1893 3198 2017 3252 563.

567 3291 623 3355 3)
662 3294 730 3345 cf.
770 3309 936 3358 supra
973 3310 1025 3360 p.
1064 3290 1159 3344 8⁸.

568 3380 627 3444 4)
664 3383 892 3434 Duobus
920 3383 1110 3433 diebus
1136 3387 1266 3432 ante
1290 3382 1526 3432 Ioannes
1552 3381 1858 3432 Caesareae
1897 3379 2182 3444 episcopus
2217 3394 2344 3429 eum
2386 3397 2492 3430 mo-

387 3477 601 3534 nuerat‚
659 3478 722 3522 ut
768 3485 934 3536 quam
987 3470 1266 3521 celerrime
1305 3470 1510 3521 Gazam
1557 3467 1986 3533 proficisceretur
2038 3463 2380 3531 (ἐπέτρεψεν
2430 3466 2491 3519 δὲ

389 3558 521 3623 ήμῖν
571 3558 680 3622 τὴν
727 3555 998 3622 ταχίστην
1043 3556 1286 3610 ἐξελθεῖν
1326 3554 1567 3623 16‚2s.).
1643 3555 1800 3620 Quod
1847 3557 1964 3607 sine
2012 3555 2125 3606 ullo
2163 3556 2328 3606 dubio
2372 3557 2493 3608 ideo

389 3651 594 3701 factum
644 3656 742 3713 est,
800 3654 862 3698 ut
913 3648 1252 3699 Gazaeorum
1301 3646 1534 3712 populus
1586 3647 1635 3696 d.
1675 3646 1825 3697 XXV
1874 3662 1944 3695 m.
1983 3645 2165 3694 Martii
2211 3644 2492 3710 pascham,
