2581 4081
1361 246 1431 300 56

352 426 484 487 Sali
535 427 671 486 AA.
733 426 840 486 SS.
889 427 1017 486 Mai
1068 427 1159 486 VI
1214 445 1278 503 p.
1328 420 1408 486 5*
1440 419 1466 461 f
1526 423 1686 501 ὑπὲρ
1742 423 1992 501 πάντας
2049 422 2247 502 οὗτος
2304 444 2438 487 παι-

353 527 745 607 δαριώτερος
794 526 1204 606 ἐχρημάτιζεν
1230 529 1297 608 1).
1715 599 1720 605 ,

375 716 383 721 ⁴
533 640 761 714 Neque
809 640 1001 699 aliter
1066 641 1169 698 vis
1216 640 1400 700 vocis
1448 634 1688 714 ὁμοίως
1753 643 1847 699 ita
1904 642 2328 711 deminuitur,
2376 648 2443 700 ut

353 746 597 805 latinae
661 746 806 805 voci
857 738 1094 804 ‘etiam'
1151 747 1546 821 respondere
1604 748 1930 817 videatur,
1996 748 2182 807 velut
2226 743 2292 817 4,
2341 742 2442 805 22.

354 846 597 922 26,19.
689 852 919 926 Itaque
967 853 1173 911 verba
1219 845 1440 920 59,14
1487 848 1588 910 καὶ
1636 846 1798 911 αὐτὰ
1846 849 1916 912 δὲ
1963 849 2081 927 (sc.
2110 849 2191 911 τὰ
2216 849 2444 927 βιβλία)

356 952 597 1032 ὁμοίως
655 951 769 1016 ἴσα
830 956 969 1029 τοῖς
1030 956 1203 1030 θεοῖς
1252 953 1469 1017 αὐτῶν
1516 953 1808 1032 ἔπασχον
1874 961 1996 1019 hoe
2061 961 2200 1019 fere
2257 961 2446 1018 modo

356 1065 851 1139 interpretanda
883 1071 1064 1123 sunt:
1112 1058 1196 1124 ‘et
1240 1066 1397 1124 libri
1445 1082 1701 1140 quoque
1747 1067 1922 1125 idem
1971 1082 2050 1124 ac
2098 1067 2205 1125 dei
2255 1066 2448 1140 patie-

357 1172 620 1230 bantur.
700 1169 840 1245 Quo
887 1187 1037 1230 cum
1084 1172 1227 1230 loco
1276 1173 1561 1231 conferri
1608 1175 1820 1248 potest
1865 1189 1927 1230 v.
1958 1170 2227 1248 Georgii
2262 1171 2449 1232 Choz.

359 1278 574 1337 Anall.
622 1278 785 1340 Boll.
842 1278 966 1338 VII
1034 1296 1096 1353 p.
1145 1273 1297 1356 352,
1352 1276 1424 1337 11
1483 1296 1533 1338 s,
1628 1273 1726 1338 ὅτι
1762 1274 1917 1338 νέοι
1981 1274 2085 1337 καὶ
2148 1274 2450 1352 γέροντες

361 1381 463 1443 καὶ
510 1383 738 1457 παῖδες
797 1381 899 1444 καὶ
946 1384 1244 1458 γυναῖκες
1294 1382 1397 1444 καὶ
1453 1379 1734 1459 Ἑβραῖοι
1783 1382 1883 1444 καὶ
1931 1379 2244 1458 Ἕλληνες
2284 1433 2297 1447 .
2336 1428 2350 1443 .
2390 1431 2403 1446 .
2438 1428 2451 1443 .

363 1486 465 1548 καὶ
514 1484 753 1564 πάντες
802 1485 1027 1565 ἁπλῶς
1075 1486 1317 1565 ὁμοίως
1363 1486 1527 1565 ἴσως
1576 1486 1838 1566 ἔχουσιν
1885 1486 2064 1551 αὐτό.

545 1597 686 1671 Quo
747 1598 1006 1658 facilius
1062 1600 1393 1674 participii
1444 1600 1797 1674 praepositi
1855 1600 1958 1656 vis
2016 1599 2459 1675 intellegatur,

366 1702 601 1763 Graeci
621 1699 671 1778 2)
721 1705 1053 1779 sequentis
1101 1705 1420 1764 enuntiati
1468 1705 1762 1780 primarii
1818 1705 2078 1763 initium
2128 1722 2326 1779 saepe
2374 1705 2459 1763 fa-

365 1812 548 1870 ciunt
618 1828 659 1870 a
722 1812 997 1870 vocibus
1046 1804 1201 1888 εἶτα,
1273 1805 1508 1888 οὕτως,
1574 1805 1812 1888 ἔπειτα,
1885 1804 1997 1870 εἶθ’
2055 1803 2267 1883 οὕτως
2318 1812 2459 1870 sim.

365 1916 710 1976 Praeclare
768 1918 850 1976 de
907 1935 984 1976 ea
1029 1934 1102 1977 re
1161 1920 1468 1978 disseruit
1513 1920 1576 1981 J.
1627 1919 1879 1978 Vahlen
1927 1919 1993 1977 in
2041 1919 2264 1977 indice
2311 1920 2460 1979 lect.

365 2022 537 2086 Berl.
566 2024 700 2084 hib.
728 2043 784 2084 a.
820 2018 989 2085 1880
1013 2044 1076 2101 p.
1105 2018 1144 2085 8
1172 2043 1255 2088 88.
1364 2025 1544 2101 Quae
1593 2033 1923 2085 structura
1965 2027 2140 2101 apud
2172 2027 2465 2085 Marcum
2548 2020 2550 2086 4

365 2131 701 2190 invenitur
751 2127 854 2202 79,
903 2128 936 2192 7
1005 2128 1107 2191 καὶ
1172 2128 1452 2205 ποιήσας
1519 2127 1598 2191 οὐ
1645 2128 1869 2206 μικρὸν
1935 2127 2148 2206 φόβον
2214 2125 2466 2204 οὕτως

368 2232 765 2311 κατέστησεν
811 2235 928 2311 τὴν
975 2233 1184 2297 πόλιν.
1275 2239 1544 2298 Praeter
1591 2241 1769 2298 locos
1806 2240 1892 2298 ab
1924 2239 2220 2300 Usenero
2267 2240 2357 2298 ad
2405 2257 2467 2296 V.

370 2346 694 2407 TheodoS.
744 2363 807 2421 p.
840 2340 966 2404 126
1014 2347 1270 2405 adlatos
1319 2348 1403 2404 cf.
1453 2346 1779 2421 Apophth.
1829 2354 1996 2420 patr.
2046 2364 2108 2421 p.
2142 2338 2322 2404 213¹)
2370 2342 2471 2403 καὶ

369 2447 767 2526 γευσάμενος
830 2445 1040 2525 οὕτως
1100 2446 1405 2524 ἀπῆλθεν.
1484 2453 1854 2529 Agathang.
1904 2468 1968 2527 p.
2018 2447 2123 2523 84,
2172 2447 2262 2511 40
2311 2453 2470 2529 Lag.

370 2554 880 2634 ἀναβιβάσαντες
949 2556 1020 2619 δὲ
1066 2554 1306 2631 αὐτοὺς
1373 2555 1444 2618 ἐν
1490 2552 2011 2633 χρυσεμπάστοις
2078 2552 2320 2632 ἅρμασι
2381 2573 2473 2617 κε-

374 2661 729 2738 λεύσαντος
777 2664 892 2724 τοῦ
946 2661 1266 2739 Καίσαρος
1316 2659 1525 2739 οὕτως
1584 2660 2081 2739 προεπέμποντο
2130 2659 2475 2738 εὐπρεπῶς

373 2768 463 2846 εἰς
511 2770 628 2845 τὴν
674 2767 853 2831 ὁδόν.
926 2774 1097 2832 Hinc
1130 2775 1328 2831 etiam
1361 2774 1748 2848 explicatur,
1798 2773 1911 2846 qui
1943 2773 2200 2831 Marcus
2250 2773 2476 2830 dicere

373 2879 660 2956 potuerit
723 2897 785 2955 p.
835 2873 940 2950 57,
1000 2874 1087 2938 24
1139 2897 1188 2938 s.
1281 2873 1392 2938 ἵνα
1457 2874 1616 2937 κατὰ
1679 2875 1755 2938 τὸ
1823 2873 1990 2952 ῥῆμα
2055 2876 2169 2937 τοῦ
2237 2874 2478 2950 παιδὸς

374 2978 585 3059 οὕτως
633 2986 833 3065 καυθῇ
897 2983 960 3060 (i.
1011 2981 1048 3044 ὁ
1097 2980 1305 3060 ναός).
1401 2986 1539 3061 Quo
1589 3002 1737 3044 cum
1793 2986 1936 3043 loco
1986 2991 2135 3059 apte
2184 2985 2478 3043 conferri

374 3099 588 3169 potest
639 3094 1008 3170 Agathang.
1057 3110 1119 3169 p.
1169 3086 1277 3162 63,
1312 3086 1392 3150 61
1446 3092 1607 3168 Lag.
1655 3084 1906 3163 πάντας
1955 3084 2074 3149 οὖν
2120 3085 2276 3162 τοὺς
2329 3083 2483 3163 μάρ-

558 3362 611 3430 1)
651 3365 848 3416 Confer
849 3366 895 3415 ri
934 3366 1094 3415 etiam
1133 3370 1313 3429 potest
1343 3361 1529 3429 (Plat.)
1568 3362 1840 3412 Axiochus
1883 3379 1934 3428 p.
1961 3357 2291 3426 366b21‘mep
2332 3363 2486 3427 ἡμᾶς

376 3458 459 3521 τῷ
498 3456 580 3520 νῷ
619 3451 922 3519 διαφέρων.

556 3539 619 3604 2)
651 3542 913 3594 Kuehner
938 3541 1174 3592 Gramm.
1213 3556 1292 3606 gr.
1332 3557 1382 3607 p.
1422 3535 1528 3590 486
1564 3538 1687 3589 adn.
1727 3535 1778 3589 5.
1853 3540 1936 3590 De
1961 3537 2193 3635 Polybii-
2218 3553 2325 3589 usu
2368 3543 2487 3607 egit

380 3634 441 3682 L.
482 3632 787 3694 Goetzeler,
824 3631 907 3680 De
944 3629 1139 3694 Polybi
1177 3629 1377 3678 elocuti
1361 3644 1482 3679 ione
1523 3622 1660 3679 1887
1698 3642 1749 3692 p.
1789 3621 1873 3676 28.
