2581 4081
1363 247 1433 300 26

354 424 730 500 ingreditur,
797 433 1132 504 postquam
1189 431 1577 507 impetravit,
1649 437 1722 489 ut
1779 433 2168 491 Aurelianus
2226 436 2468 492 consul

355 548 502 590 cum
578 530 935 591 Saturnino
1023 536 1349 631 consulari
1434 541 1490 595 et
1576 539 1820 598 Ioanne
1907 541 2126 597 comite
2214 541 2468 617 releya-

354 643 576 698 rentur

531 739 663 804 400
722 749 782 805 d.
841 748 954 806 III
1005 768 1088 807 m.
1150 751 1393 828 Aprilis
1450 752 1734 810 Arcadia
1793 754 2060 812 Arcadii
2119 754 2263 827 filia
2335 771 2466 812 na-

352 854 555 911 scitur

530 953 662 1017 400
709 963 770 1021 d.
809 961 951 1019 XII
970 981 1053 1020 m.
1090 964 1214 1022 Iul.
1263 963 1819 1042 Constantinopoli
1864 984 2004 1024 una
2050 985 2128 1025 eat
2173 968 2464 1026 eeclesiis

354 1083 500 1124 cum
530 1072 763 1142 septem
800 1069 1059 1128 milibus
1097 1071 1447 1131 Gothorum
1479 1074 1887 1132 comburitur.
1988 1070 2152 1131 Dein
2191 1073 2462 1134 Gainas

355 1173 504 1231 urbe
548 1174 772 1233 relicta
817 1176 1008 1234 hostis
1054 1177 1312 1254 imperii
1360 1180 1727 1237 declaratur

529 1273 662 1337 400
709 1286 940 1341 aestate
986 1284 1168 1343 iussu
1211 1284 1480 1343 Ioannis
1530 1284 1955 1362 Chrysostomi
2002 1291 2121 1344 tres
2165 1287 2459 1363 episcopi

354 1388 441 1443 ad
492 1387 886 1463 inquirenda
943 1392 1220 1449 erimina
1274 1393 1347 1449 in
1394 1394 1791 1452 Antoninum
1843 1395 2270 1469 Ephesiorum
2318 1394 2457 1469 epi-

352 1509 612 1568 scopum
682 1496 962 1552 coniecta
1030 1498 1102 1553 in
1179 1498 1401 1555 Asiam
1469 1517 1529 1556 se
1602 1500 1958 1573 conferunt,
2045 1501 2152 1556 sed
2233 1505 2454 1575 septu·

354 1597 578 1673 aqinta
624 1600 841 1657 diebus
882 1607 1025 1677 post
1071 1603 1314 1677 infecta
1345 1622 1411 1661 re
1443 1602 2061 1681 Constantinopolim
2108 1607 2378 1663 redeunt
2394 1601 2451 1678 ¹)

528 1698 660 1761 400
708 1710 1010 1779 exeunte,
1075 1712 1144 1765 ut
1191 1709 1475 1777 videtur,
1538 1726 1711 1768 anno
1768 1710 1956 1768 multi
1981 1705 2031 1783 2)
2090 1711 2319 1768 Ariani
2380 1716 2454 1769 et

349 1826 389 1867 a
434 1825 506 1867 re
553 1789 821 1884 publiea
869 1818 1289 1873 removentur
1338 1819 1401 1872 et
1450 1817 1813 1890 puniuntur

531 2028 583 2092 1)
623 2031 829 2083 Pallad.
860 2033 986 2084 dial.
1015 2033 1064 2084 d.
1094 2052 1143 2084 ν.
1170 2036 1356 2086 Ioann.
1388 2012 1577 2101 ChryS.
1617 2037 1651 2086 l.
1674 2053 1717 2086 e.
1746 2054 1795 2102 p.
1823 2033 1908 2100 50,
1950 2037 2017 2085 ef.
2047 2053 2212 2102 supra
2237 2054 2289 2104 p.
2322 2033 2450 2089 148.

528 2118 584 2184 2)
621 2117 707 2184 44,
729 2118 763 2172 9
784 2139 823 2172 s.
865 2120 1174 2186 ἐπέτρεψεν
1213 2121 1266 2187 (i.
1299 2141 1346 2175 e.
1373 2122 1642 2190 Eudoxia)
1672 2122 1949 2190 Ἀμαντίῳ
1990 2126 2228 2188 Ζητῆσαι
2265 2124 2453 2188 ἄνδρα

351 2207 971 2274 ΖηλωτὴνΧριστιανὸν
1006 2210 1109 2262 τὸν
1146 2209 1453 2276 ὀφείλοντα
1480 2212 1913 2277 ἐγχειρισθῆναι·
1952 2194 2149 2266 πολλοὶ
2174 2212 2284 2278 γὰρ
2320 2217 2452 2264 τῶν

352 2296 414 2349 ἐν
469 2295 639 2359 ἀξίαις
695 2298 1097 2363 προσποιήτως
1153 2300 1305 2363 εἶχον
1360 2300 1466 2364 τὴν
1520 2299 1722 2366 πίστιν,
1780 2300 1880 2363 οὓς
1928 2302 2201 2366 μετῆλθεν
2244 2301 2280 2364 ἡ
2320 2300 2454 2353 θεία

352 2383 502 2449 δίκη·
556 2385 827 2448 μαθόντες
871 2386 978 2451 γὰρ
1016 2385 1069 2438 οἱ
1110 2389 1364 2452 βασιλεῖς,
1414 2388 1501 2440 ὅτι
1539 2390 1642 2441 οὐκ
1684 2389 1871 2454 ὀρθῶς
1910 2389 2134 2453 ἔχουσιν
2172 2390 2298 2454 περὶ
2338 2390 2453 2453 τὴν

352 2473 630 2538 ἄχραντον
667 2472 870 2537 πίστιν,
909 2478 1190 2541 περιεῖλον
1228 2477 1438 2540 αὐτοὺς
1475 2480 1592 2529 τῶν
1632 2476 1961 2540 ἀξιωμάτων
2001 2478 2090 2529 καὶ
2126 2475 2453 2540 ἐζημίωσαν

350 2563 568 2626 σώματι
607 2564 695 2614 καὶ
733 2562 991 2627 χρήματι.
1067 2566 1363 2616 Tillemont
1389 2568 1529 2616 Hist.
1560 2568 1655 2618 des
1683 2583 1996 2632 empereurs
2021 2568 2070 2616 V
2095 2585 2148 2632 p.
2172 2561 2279 2615 456
2305 2565 2450 2616 haec

350 2655 519 2704 verba
554 2654 623 2703 ad
662 2668 729 2703 ea
766 2660 1007 2719 tempora
1048 2654 1275 2714 rettulit,
1335 2656 1531 2720 quibus
1569 2656 1865 2719 Eutropius
1915 2655 2197 2704 eunuchus
2235 2654 2450 2720 relega-

240 2777 243 2780 -
350 2748 438 2793 tus
477 2748 574 2793 est.
652 2743 726 2792 At
751 2742 877 2791 mihi
901 2743 1118 2807 quidem
1146 2745 1325 2808 potius
1353 2759 1437 2793 res
1477 2760 1510 2793 a
1537 2745 1718 2793 Marco
1758 2743 2060 2808 significata
2099 2743 2167 2793 ad
2207 2758 2271 2792 ea
2310 2747 2447 2793 tem-

349 2846 480 2896 pora
535 2832 808 2896 pertinere
864 2831 1095 2894 videtur,
1155 2848 1297 2897 quae
1346 2832 1552 2882 Gainae
1611 2832 1903 2882 tumultum
1958 2832 2250 2882 subsecuta
2297 2837 2447 2880 sunt.

350 2919 608 2983 Synesius
655 2921 813 2982 enim,
871 2921 964 2985 qui
1019 2921 1071 2970 in
1123 2921 1273 2970 libris
1311 2917 1601 2980 Αἰγύπτιοι
1650 2919 1684 2981 ἢ
1725 2919 1849 2982 περὶ
1895 2916 2166 2983 προνοίας
2213 2935 2299 2970 res
2349 2919 2448 2970 illo

347 3014 591 3072 tempore
628 3014 810 3074 gestas
846 3009 1198 3059 translatione
1236 3011 1305 3059 ab
1345 3009 1734 3075 Aegyptiorum
1790 3009 1990 3069 fabula,
2049 3024 2191 3074 quae
2243 3015 2326 3057 est
2374 3008 2448 3059 de

351 3095 561 3146 Osiride
619 3103 673 3146 et
710 3097 986 3162 Typhone,
1045 3103 1260 3162 sumpta
1307 3096 1577 3160 describit,
1635 3104 1821 3147 narrat
1873 3097 2191 3162 Typhonem
2231 3096 2448 3158 Scythis

351 3185 404 3244 (i.
449 3200 495 3234 e.
536 3184 724 3235 Gothis
763 3182 996 3249 Arianis)
1050 3186 1326 3236 faventem
1376 3201 1673 3250 eorumque
1723 3184 1775 3243 (i.
1817 3201 1863 3234 e.
1904 3184 2135 3243 Gainae)
2176 3184 2447 3234 tumultus

349 3280 641 3336 auctorem,
680 3278 966 3337 postquam
1004 3274 1082 3324 illi
1122 3274 1336 3338 expulsi
1374 3280 1571 3335 essent,
1617 3275 1792 3338 ipsum
1833 3288 2051 3338 quoque
2079 3288 2108 3321 e
2135 3272 2445 3337 principatu

348 3361 634 3427 depulsum
675 3368 729 3410 et
767 3363 819 3411 in
860 3362 1080 3411 vincula
1118 3363 1424 3411 coniectum
1453 3377 1587 3412 esse.
1650 3362 1725 3411 Ut
1751 3362 1918 3425 igitur
1944 3359 2261 3425 Typhonem
2289 3360 2443 3410 illum

304 3477 308 3483 ι
351 3448 581 3512 synesii,
620 3450 695 3499 ita
733 3450 866 3499 alios
906 3466 1123 3514 quoque
1164 3450 1405 3499 homines
1444 3465 1642 3499 causae
1681 3451 1914 3500 Arianae
1953 3449 2203 3498 faventes
2241 3453 2373 3498 tuno
2409 3465 2446 3498 a

351 3550 410 3585 re
466 3537 684 3600 publiea
730 3543 959 3587 remotos
1007 3545 1062 3587 et
1109 3539 1327 3602 punitos
1378 3552 1496 3586 esse
1547 3536 1855 3585 credideris.
1932 3536 2274 3600 Quamquam
2322 3538 2443 3601 quis

351 3623 582 3691 Typhon
620 3626 712 3675 ille
742 3626 953 3690 synesii
992 3626 1173 3686 fuerit,
1213 3625 1391 3675 adhuc
1430 3626 1671 3690 ignotum
1713 3631 1809 3674 est.
1889 3625 2026 3674 Nam
2063 3625 2206 3688 quod
2236 3624 2442 3688 Gaiser,
