2581 4081
1157 240 1227 296 39

135 428 275 482 stat
322 422 670 498 Nieephor.
729 439 795 481 ν.
844 422 1149 482 Andreae
1193 422 1326 482 Sali
1376 422 1417 481 l.
1469 424 1511 484 l.
1563 440 1625 498 p.
1681 408 1855 482 18⁸⁸b
1912 418 2124 496 ζώνην
2172 419 2244 484 δὲ

130 524 313 604 ἤμην
351 524 779 605 διεζωσμένος
834 524 925 604 ὡς
979 524 1275 590 κόκκινον
1341 526 1809 607 φοβερόβαφον
1877 527 1954 591 τὸ
2020 529 2244 606 χρῶμα

133 622 453 711 ἔχουσαν.

323 744 570 805 Voeem
637 738 988 818 φανερός
1061 746 1129 802 in
1215 760 1362 803 eam
1438 744 1986 821 significationem
2057 745 2242 804 abire

133 868 354 926 posse,
404 856 477 910 ut
524 851 727 910 latino
761 851 1087 910 voeabulo
1133 845 1422 910 ‘certus’
1462 851 1570 909 vel
1601 843 1936 925 ‘quidam'
1984 867 2246 925 respon-

131 958 317 1026 deat,
389 958 522 1017 iam
579 955 865 1016 Dindorf
924 957 994 1016 ln
1057 956 1280 1015 indice
1328 956 1603 1016 Malalae
1671 957 1945 1016 editioni
2015 957 2242 1017 addito

131 1064 370 1123 docuit
417 1063 688 1137 eiusque
731 1079 888 1122 118118
936 1064 1241 1138 exempla
1298 1063 1822 1137 quattuordecim
1870 1080 1952 1122 ex
2002 1064 2243 1123 Malala

130 1171 384 1232 attulit.
476 1154 772 1229 Eandem
835 1171 972 1229 vim
1024 1171 1226 1229 habet
1284 1187 1349 1228 V.
1398 1170 1745 1246 Porphyrii
1805 1186 1867 1244 p.
1925 1164 2022 1239 12,
2050 1163 2090 1228 3
2140 1166 2241 1229 καὶ

131 1270 648 1351 βουλευσάμενοι
708 1271 811 1334 ἐπὶ
859 1271 1149 1350 φανεράς
1200 1271 1439 1350 ἡμέρας
1491 1272 1560 1351 (1.
1611 1294 1665 1335 e.
1714 1269 1841 1336 ‘in'
1897 1278 2040 1335 sive
2087 1272 2243 1351 ‘per

129 1384 463 1457 quosdam
510 1378 724 1458 dies’),
782 1383 959 1458 quod
1007 1383 1366 1458 Hauptinm
1412 1385 1605 1460 fugit,
1664 1398 1815 1443 eum
1864 1383 2091 1442 ederet
2138 1377 2241 1442 ἐπὶ

127 1486 432 1564 φανερᾶς
479 1484 735 1564 ἡμέρας.
838 1489 962 1565 Qui
1028 1507 1185 1549 113113
1245 1507 1395 1549 eum
1462 1490 1638 1549 haud
1698 1491 1792 1550 ita
1847 1496 2039 1549 notus
2098 1506 2240 1549 esse

128 1598 450 1658 videatur
473 1598 744 1673 eiusque
769 1599 836 1657 in
864 1597 1202 1672 Sophoclis
1238 1598 1457 1658 lexieo
1491 1613 1823 1672 perpauca
1864 1597 2242 1657 indicentur

130 1704 467 1779 exempla,
517 1720 678 1778 quos
727 1704 964 1778 collegi
1013 1704 1191 1763 locos
1239 1704 1348 1763 hie
1397 1704 1465 1763 in
1519 1704 1811 1763 medium
1853 1705 2050 1764 liceat
2096 1719 2240 1778 pro·

127 1811 337 1870 ferre.
431 1809 820 1870 Theodoret.
890 1811 958 1868 in
1025 1810 1280 1868 Daniel.
1350 1808 1524 1870 PGM
1588 1810 1867 1870 LXXXI
1911 1826 1973 1884 p.
2028 1803 2240 1868 1425*

128 1914 276 1975 τῶν
320 1910 442 1990 γὰρ
489 1908 707 1975 ἄλλων
750 1911 989 1989 θηρίων
1036 1911 1157 1989 ἤδη
1196 1911 1524 1975 ἐπέπαυτο
1559 1911 1598 1989 ἡ
1635 1910 1815 1990 ἀρχή,
1863 1910 1918 1976 εἰ
1947 1913 2050 1975 καὶ
2085 1913 2238 1975 πολ-

131 2019 280 2082 λῶν
316 2016 479 2083 ἐτῶν
524 2017 830 2097 περίοδον
865 2018 937 2083 ἑν
971 2023 1062 2103 τῷ
1104 2021 1359 2097 κρατεῖν
1390 2017 2006 2084 καταναλωσάντων.
2044 2038 2239 2098 φανε-

130 2126 258 2204 ρὸς
284 2125 409 2203 γὰρ’
431 2124 679 2208 ἑκάστῳ
714 2125 804 2202 εἰς
840 2125 916 2189 τὸ
957 2124 1322 2204 βασιλεύειν
1357 2125 1601 2204 ὡρίσθη
1639 2126 1880 2205 καιρός,
1930 2148 1992 2206 p.
2025 2125 2238 2190 15720

130 2233 361 2311 ἐπειδὴ
403 2234 533 2296 τῶν
581 2230 739 2309 ὑπὲρ
788 2229 1259 2310 ἁμαρτημάτων
1296 2233 1401 2296 καὶ
1434 2230 1989 2310 πλημμελημάτων
2035 2246 2237 2310 προσ-

129 2339 522 2418 φερομένων
600 2341 846 2402 θυσιῶν
913 2339 1208 2418 φανεράν
1283 2359 1427 2402 τινα
1501 2341 1732 2417 μοῖραν
1807 2338 1967 2402 κατὰ
2034 2336 2236 2417 νόμον

129 2443 522 2523 ἐλάμβανον.
612 2449 863 2508 Pallad.
919 2450 1066 2508 hist.
1116 2450 1309 2509 Laus.
1358 2448 1534 2509 PGM
1576 2450 1862 2510 XXXIV
1910 2467 1973 2525 p.
2019 2441 2237 2507 12251.»

134 2551 244 2614 καὶ
292 2549 381 2628 εἰς
427 2553 661 2615 πλοῖον
704 2550 1099 2629 ἑμβαλομένη
1159 2553 1227 2631 (1.
1280 2574 1339 2614 e.
1389 2552 1669 2630 Melane)
1731 2551 1885 2630 μετὰ
1932 2553 2238 2630 φανερῶν

90 2727 95 2734 ‚
131 2655 417 2721 παιδίων
458 2659 559 2721 καὶ
603 2656 817 2736 ῥητῶν
862 2658 1237 2722 παιδίσκων.
1326 2664 1471 2722 Aet.
1520 2662 1918 2723 Philemonis
1968 2664 2049 2722 al.
2103 2680 2160 2721 e.
2195 2656 2236 2721 9

134 2768 277 2827 AA.
327 2768 435 2828 SS.
483 2769 670 2827 Mart.
721 2770 750 2827 I
798 2786 860 2844 p.
912 2763 1041 2828 889
1113 2762 1151 2827 ὁ
1205 2765 1276 2827 δὲ
1327 2764 1655 2842 Ἀρειανὸς
1710 2761 1951 2828 ἔδωκεν
2012 2761 2234 2841 αὐτοῖς

134 2871 396 2950 φανερὰ
442 2869 750 2949 χρήματα.
815 2875 1051 2936 Chron.
1084 2878 1306 2950 paseh.
1346 2893 1410 2951 p.
1438 2869 1589 2945 626,
1621 2871 1701 2933 12
1750 2870 2234 2949 ὑποκλέψαντες

136 2978 244 3041 καὶ
290 2977 619 3057 φανεροὺς
654 2980 787 3041 τῶν
832 2976 1312 3056 ἑξκουβιτώρων
1348 2978 1450 3040 καὶ
1489 2978 1876 3060 σχολαρίων,
1926 3000 1988 3057 p.
2017 2976 2167 3052 628,
2197 2978 2231 3041 7

137 3085 415 3163 φανεροὶ
459 3084 530 3146 δὲ
578 3084 678 3146 καὶ
722 3082 1166 3161 ἐδημεύθησαν
1214 3084 1317 3146 καὶ
1364 3082 1824 3162 ἐξωρίσθησαν.

317 3195 669 3254 Postremis
716 3195 874 3254 loeis
922 3197 1444 3254 commemoratis
1492 3197 1763 3270 pluralis
1809 3196 1992 3255 vocis
2040 3211 2235 3269 φανε-

139 3298 255 3378 ρός
326 3302 519 3378 plane
589 3302 810 3360 latinis
879 3302 1222 3360 vocabulis
1289 3298 1604 3375 ‘quidam‚
1676 3304 1993 3372 nonnulli,
2065 3319 2233 3362 eom-

137 3404 383 3485 plures'
448 3409 816 3482 respondet.
910 3408 1051 3466 Hoe
1117 3424 1314 3466 sensu
1373 3410 1615 3486 legitur
1674 3410 1870 3467 etiam
1930 3411 1994 3468 in
2045 3409 2233 3468 Calli-

137 3516 271 3575 niei
318 3516 457 3573 vita
490 3515 762 3593 Hypatii
811 3532 872 3590 p.
902 3511 1006 3585 71,
1037 3511 1071 3574 7
1120 3516 1327 3575 Bonn.
1364 3512 1713 3590 ἑξορισθεὶς
1759 3512 1881 3590 γὰρ
1933 3512 2236 3591 (Ioannes

140 3617 666 3699 Chrysostomus)
725 3615 794 3681 ἔν
841 3637 962 3682 τινι
1010 3617 1190 3703 τόπῳ
1250 3617 1381 3683 ἀπὸ
1429 3621 1734 3699 φανερῶν
1790 3621 2007 3698 μονῶν
2063 3616 2235 3685 enid-
