2581 4081
1101 239 1172 292 49

69 419 379 498 γνησίως
451 417 553 480 καὶ
619 415 971 493 εἰλικρινῶς
1040 414 1374 494 δεομένοις
1438 413 1637 478 αὐτόν
1722 415 1916 494 (quae
1981 419 2188 478 verba

75 550 213 593 om.
264 526 376 604 V),
444 536 639 602 atque
704 528 869 586 falso
933 543 1051 586 nos
1118 520 1318 585 αὐτόν
1388 526 1785 589 mutavimus
1851 528 1918 586 in
1967 520 2188 585 αὐτοῦ.

75 639 386 699 Verbum
422 636 596 694 enim
630 632 935 693 δεῖσθαι
984 636 1244 693 omnino
1287 650 1416 693 non
1449 650 1600 693 raro
1633 651 1780 693 eum
1814 635 2191 693 accusativo

76 743 520 819 eomungltur
543 736 614 816 ¹)
707 740 803 800 Of.
839 739 917 800 G.
951 741 1187 800 Kaibel
1218 739 1390 801 IGSI
1435 735 1720 802 n.1660
1769 736 1991 814 δέομαι
2036 735 2192 812 τοὺς

76 843 561 924 καταχθονίους
605 841 814 920 θεούς.
882 848 1036 906 Vita
1070 848 1402 907 EudoeIae
1450 865 1507 907 e.
1534 844 1613 907 21
1656 849 1792 910 AA.
1820 822 1927 908 SS.
1954 848 2141 906 Mart.
2164 847 2196 905 I

77 979 149 1036 p.
209 951 342 1018 873
390 951 429 1028 ἣ
479 951 550 1014 δὲ
594 948 850 1014 ἐδέετο.
881 947 1121 1013 ,αὑτὸν
1166 950 1470 1026 λέγουσα
1533 956 1685 1015 Vita
1732 956 1934 1014 Marci
1962 951 2194 1013 Athen.

83 1068 229 1126 AA.
264 1063 376 1125 SS.
398 1063 584 1122 Mart.
616 1062 712 1120 III
746 1078 810 1137 p.
836 1050 1017 1120 35*‹1
1063 1055 1364 1120 ἱκετεύων
1397 1058 1501 1121 καὶ
1535 1057 1841 1136 δεόμενος
1874 1057 1990 1119 τὸν
2023 1055 2195 1119 θεόν.

283 1170 497 1243 Atque
564 1176 740 1227 reete
807 1164 1036 1242 opinor
1081 1167 1335 1228 Usener
1401 1164 1490 1243 (v.
1537 1168 1846 1245 Pelagiae
1912 1168 2062 1226 adn.
2113 1168 2199 1225 ad

91 1273 208 1355 23,
236 1272 327 1334 20
373 1293 437 1350 p.
486 1267 599 1348 56)
648 1290 707 1348 p.
755 1267 818 1344 5,
850 1268 930 1332 18
988 1290 1106 1349 pro
1164 1271 1684 1348 συναντήσας
1746 1269 1969 1354 αὐτῷ,
2040 1290 2198 1348 quo·

88 1386 283 1445 niam
341 1380 757 1439 aecusativus
820 1380 1151 1455 participii
1216 1382 1620 1455 insequentis
1687 1376 2046 1455 δυνάμενον
2115 1380 2202 1438 ad

90 1504 464 1569 pronomen
510 1487 675 1546 illud
708 1479 882 1565 αὐτῷ
919 1491 1190 1562 spectat,
1240 1489 1502 1563 scripsit
1533 1483 1947 1562 συναντήσας
1981 1481 2199 1546 αὐτόν.

99 1595 543 1657 Accusativus
589 1596 794 1653 verbo
844 1591 1173 1652 συναντᾶν
1213 1595 1477 1654 additus
1525 1604 1786 1671 praeter
1832 1595 2204 1654 testimonia

102 1706 192 1763 ab
226 1704 523 1764 Usenero
569 1702 792 1761 adlata
838 1703 938 1760 his
984 1718 1242 1777 quoque
1286 1703 1663 1761 defenditur
1694 1705 1854 1762 loeis
1901 1720 1985 1761 ex
2018 1702 2204 1760 Nice·

100 1811 300 1888 phori
333 1826 395 1868 v.
432 1826 482 1868 s.
509 1809 813 1869 Andreae
839 1809 972 1869 Sali
1009 1807 1169 1885 (AA.
1199 1810 1307 1870 SS.
1334 1811 1462 1869 Mai
1488 1807 1604 1885 VI)
1638 1811 1883 1884 petitis:
1933 1827 1996 1884 p.
2024 1802 2155 1868 38*
2175 1811 2206 1841 ⁰⁴

101 1912 216 1975 καὶ
260 1913 628 1975 συναντῶσι
674 1912 792 1975 τὸν
854 1912 1099 1976 δίκαιον
1157 1913 1313 1990 μετὰ
1380 1914 1495 1974 τοῦ
1567 1911 1799 1988 παιδὸς
1870 1909 2205 1991 ὁδεύοντα,

104 2042 173 2099 p.
223 2012 413 2082 40²*a
469 2018 570 2081 καὶ
605 2017 1011 2096 συνήντησεν
1052 2019 1167 2083 τὸν
1216 2016 1525 2100 μακάριον
1561 2017 1889 2097 παίζοντα,
1939 2039 2001 2097 p.
2027 2016 2205 2081 4O*0

111 2123 527 2201 συνήντησεν
574 2124 824 2191 ἐξόδιον
867 2126 1142 2204 μήκοθεν
1188 2125 1647 2203 πορευόμενον,
1720 2147 1783 2205 p.
1832 2122 2011 2187 64²⁸*
2056 2137 2207 2187 συν-

107 2235 280 2313 αντᾷ
333 2231 447 2294 τὸν
496 2230 804 2309 μακάριον
865 2232 1170 2310 Ἀνδρέαν
1224 2231 1589 2310 ἔμπροσθεν
1643 2237 1774 2295 τῶν
1834 2230 2207 2307 Χαλκοπρα-

104 2339 307 2403 τείων
353 2338 664 2403 παίζοντα
711 2340 811 2401 καὶ
867 2338 1244 2419 σάσονταῖ).

297 2450 523 2524 Neque
556 2452 1027 2526 grammaticen
1060 2452 1113 2508 si
1141 2456 1419 2527 spectas,
1447 2450 1647 2509 ullam
1675 2452 1996 2525 praebent
2013 2449 2210 2508 offen-

113 2559 371 2617 sionem
438 2557 603 2614 haee
673 2572 734 2630 Ρ.
784 2549 890 2631 39,
921 2551 1003 2614 15
1071 2550 1387 2627 ἐγγίσατε,
1452 2551 1754 2629 πατέρες,
1821 2551 1949 2630 ἐμέ.
1987 2557 1998 2564 ’
2043 2557 2210 2615 Nam

114 2656 456 2733 ἐγγίζειν
505 2654 673 2719 τινά
721 2664 852 2721 vel
899 2678 965 2720 τι
1012 2662 1122 2721 illo
1170 2680 1337 2721 aevo
1377 2664 1444 2722 in
1492 2680 1613 2723 usu
1647 2665 1849 2723 fuisse
1896 2664 2058 2722 loeis
2107 2665 2212 2722 de·

113 2771 520 2828 monstratur
566 2768 694 2826 his:
743 2768 965 2827 Mirae.
1014 2785 1053 2826 a
1085 2769 1402 2829 Michaele
1428 2768 1664 2829 Chonis
1711 2772 1948 2844 patrat.
1998 2769 2212 2828 Anall.

115 2875 284 2936 Boll.
333 2874 487 2932 VIII
553 2890 616 2949 p.
666 2867 792 2931 297
803 2919 817 2949 ,
851 2869 928 2932 13
999 2867 1192 2947 οὗτος
1265 2873 1334 2951 (i.
1397 2893 1452 2934 e.
1513 2871 1780 2949 fluvius)
1851 2869 2214 2948 περιεπάτει

117 2975 391 3052 ἐγγίζων
459 2975 535 3037 τὸ
606 2976 1065 3053 Θυσιαστήριον
1134 2979 1249 3039 τοῦ
1323 2979 1474 3040 θεοῦ
1542 2977 1608 3042 ἐξ
1680 2975 1881 3055 ἀρχῆς
1947 2977 2214 3056 κόσμου,

118 3106 189 3163 Ρ.
239 3079 389 3156 298,
416 3080 456 3145 6
524 3080 881 3158 ἐγγίζοντες
946 3082 1062 3146 τὸν
1140 3082 1325 3159 ἅγιον
1382 3083 1589 3147 τόπον
1642 3079 1890 3147 ἐκεῖνον
1946 3083 2037 3161 ὡς
2086 3082 2217 3146 ἀπὸ

314 3271 362 3331 1)
400 3274 664 3325 Kuehner
700 3274 756 3323 II
794 3291 844 3340 p.
884 3269 989 3325 305
1027 3275 1151 3325 adn.
1192 3271 1241 3324 2.
1317 3277 1399 3326 De
1449 3293 1554 3327 usu
1606 3275 1772 3327 verb!
1810 3274 2025 3327 δεῖσθαι
2072 3278 2217 3340 apud

122 3361 418 3429 Iosephum
456 3378 580 3413 cum
618 3364 930 3414 accusativo
969 3365 1241 3414 coniuncti
1281 3365 1350 3414 ef.
1392 3365 1636 3416 Schmidt
1674 3366 1709 3415 l.
1750 3382 1796 3415 c.
1836 3383 1887 3428 p.
1925 3361 2049 3415 422.

310 3446 365 3515 2)
406 3451 660 3502 Ceterum
686 3451 1228 3502 animadvertendum
1255 3460 1339 3504 est
1376 3454 1431 3502 in
1470 3454 1659 3505 eadem
1688 3455 1801 3505 vita
1828 3453 2056 3504 verbum
2095 3465 2220 3503 συν·

126 3539 306 3591 αντᾶν
343 3539 491 3590 haud
529 3554 649 3590 raro
688 3555 810 3589 eum
849 3540 1033 3591 dativo
1073 3541 1345 3607 coniungi,
1384 3542 1538 3593 velut
1575 3560 1625 3609 p.
1653 3539 1757 3594 65*
1769 3541 1806 3594 f.
1846 3538 1949 3595 67*
1962 3537 2012 3593 d.
2052 3538 2156 3594 84*
2169 3537 2220 3592 b.

129 3622 315 3679 101*ο
355 3628 424 3679 al.

1867 3717 1905 3774 4
