2581 4081
1181 242 1214 299 7

139 426 276 486 BV.
344 420 453 503 30,
492 420 572 487 18
605 420 1008 501 ἑπλεύσαμεν
1040 422 1243 505 ἡμέρᾳ
1275 422 1476 507 ὀγδόῃ
1510 423 1613 487 καὶ
1645 422 1843 487 εἰκάδι
1879 422 2242 503 Γορπιαίου,

138 529 304 594 κατὰ
337 530 409 593 δὲ
439 529 796 608 Ῥωμαίους
830 531 1239 614 Σεπτεμβρίῳ
1285 529 1483 595 εἰκάδι
1530 529 1707 613 τρίτῃ
1741 535 1803 595 Η
1834 528 2239 607 ἐπλεύσαμεν

137 636 348 719 ἡμέρᾳ
394 635 594 720 ὀγδόῃ
643 638 746 700 καὶ
792 636 992 702 εἰκάδι
1037 637 1213 721 τρίτῃ
1262 643 1374 701 BV
1400 638 1470 716 1).

326 749 427 807 Ex
457 749 558 807 his
591 756 885 824 apparet,
937 766 1085 809 cum
1134 750 1394 808 codices
1426 748 1477 806 B
1520 752 1586 807 et
1620 749 1674 806 V
1706 765 1792 807 ex
1823 765 1953 807 uno
1987 750 2244 808 eodem-

140 872 272 930 que
320 856 622 929 exemplo
680 855 994 931 descripti
1067 871 1209 914 esse
1256 855 1629 924 videantur,
1692 856 1986 914 codicem
2035 855 2096 914 Η
2145 872 2241 914 ar·

137 963 306 1021 tiore
355 961 763 1038 cognationis
809 962 1073 1021 vinculo
1136 978 1286 1021 cum
1334 961 1661 1020 communi
1710 961 1971 1020 illorum
2021 963 2241 1020 arche-

80 1136 87 1141 ,
142 1076 324 1144 typo,
398 1085 593 1141 quam
665 1084 813 1126 cum
884 1068 1197 1128 alterutro
1270 1069 1694 1127 coniunctum
1767 1083 1928 1129 esse.
2024 1068 2240 1126 Possis

93 1158 348 1253 *igitur
416 1175 756 1242 rationem,
836 1190 1004 1247 quae
1074 1175 1246 1233 inter
1318 1182 1449 1231 tres
1525 1174 1671 1232 illos
1730 1174 1991 1232 codices
2050 1174 2241 1233 inter-

141 1282 322 1340 cedit
368 1282 493 1341 hac
540 1281 680 1340 fere
727 1280 939 1357 figura
986 1281 1174 1355 quasi
1221 1281 1342 1341 sub
1392 1280 1616 1340 oculos
1664 1279 1966 1340 subicere

790 1506 1041 1803 Hs
1132 1597 1324 1831 f

1044 1834 1130 1925 ΒΖ,

1516 1939 1573 1997 V
1625 1955 1633 1963 .

139 2082 589 2143 Gravissimus
638 2083 947 2151 omnium,
1021 2097 1185 2154 quos
1246 2096 1445 2155 supra
1492 2082 2020 2152 commemoravi,
2070 2083 2240 2140 loco-

140 2206 289 2248 rum
339 2192 704 2264 postremus
752 2191 869 2246 est.
963 2188 1127 2246 Nam
1176 2205 1352 2246 nunc
1402 2188 1664 2246 demum
1713 2189 1961 2248 codicis
2007 2189 2069 2247 H
2115 2190 2243 2248 lec-

129 2272 320 2354 'tione
369 2299 645 2366 constat,
713 2312 841 2369 quo
907 2296 1013 2354 die
1060 2294 1466 2369 Porphyrius
1516 2293 1834 2354 Caesarea
1904 2297 2241 2371 profectus

145 2403 247 2472 sit,
321 2418 473 2461 cum
530 2400 1156 2476 Constantinopolim
1222 2407 1495 2474 peteret.
1591 2399 1771 2475 Quae
1828 2418 1931 2460 res
2001 2402 2082 2460 ad
2144 2420 2240 2462 re-

142 2526 291 2568 rum
340 2509 528 2567 annis
576 2502 702 2566 401
768 2513 832 2566 et
877 2501 1008 2564 402
1067 2512 1402 2583 gestarum
1451 2506 1745 2565 ordinem
1796 2506 2237 2568 definiendum

144 2625 208 2676 et
257 2614 768 2673 describendum
815 2614 1172 2687 plurimum
1219 2613 1417 2670 valet.

324 2721 452 2780 Sed
500 2720 883 2794 priusquam
956 2719 1041 2777 ad
1115 2735 1257 2776 eam
1319 2719 1767 2791 quaestionem
1828 2722 2240 2780 tractandam

144 2828 520 2906 aggrediar,
570 2828 735 2885 levis
773 2827 973 2885 Marci
1022 2843 1204 2885 error
1245 2827 1680 2904 corrigendus
1723 2835 1837 2886 est.
1921 2828 2241 2888 Schuerer

143 2936 208 2992 in
262 2935 534 3011 egregia
567 2934 1112 2992 commentatione
1145 2934 1499 3009 inscripta:
1548 2929 1704 2992 ‘Der
1729 2934 2063 2993 Kalender
2102 2936 2239 2993 und

144 3042 251 3099 die
304 3043 475 3098 Aera
522 3056 652 3098 von
700 3036 902 3099 Gaza'
950 3037 1042 3114 (in
1092 3046 1218 3097 act.
1268 3040 1560 3098 academ.
1611 3057 1751 3118 reg.
1800 3041 2012 3099 Berol.
2068 3035 2237 3099 1896

144 3165 206 3221 p.
263 3140 723 3220 1065—1087)
795 3147 1050 3205 collatis
1109 3147 1392 3205 nummis
1441 3145 1847 3205 Gazaeorum
1907 3148 2242 3224 octoginta

333 3368 387 3431 1)
426 3371 685 3422 Precibus
736 3373 868 3422 meis
916 3378 1211 3421 commotus
1257 3369 1754 3437 Hierosolymorum
1806 3372 2240 3434 archiepiscopus

142 3468 317 3513 totam
357 3460 650 3510 editionem
698 3466 936 3510 nostram
993 3477 1116 3510 cum
1168 3461 1352 3510 codice
1391 3462 1446 3509 H
1492 3461 1874 3512 conferendam
1920 3461 2133 3509 curavit
2184 3465 2241 3509 et

143 3550 276 3600 mihi
316 3564 501 3599 omnes
539 3549 720 3599 varias
759 3549 876 3599 eius
914 3549 1112 3599 codicis
1150 3550 1295 3599 misit
1331 3549 1608 3612 lectiones,
1649 3565 1787 3614 quas
1824 3550 1974 3599 brevi
1999 3556 2240 3614 tempore

144 3646 277 3690 ante
317 3643 573 3702 acceptas
612 3653 733 3688 mox
771 3637 878 3688 alio
915 3638 1033 3687 loco
1070 3638 1272 3702 publici
1313 3639 1443 3688 iuris
1480 3639 1692 3689 faciam.
