2581 4081
1378 773 1442 852 ,Π

534 966 738 1043 Marci
794 982 1053 1042 diaconi
1119 982 1258 1041 vita
1304 981 1652 1059 Porphyrii
1712 988 1784 1042 ut
1842 998 2059 1042 rerum
2118 997 2267 1041 cum
2325 983 2464 1041 fide
2555 962 2556 971 ἵ

356 1090 748 1150 traditarum
794 1091 984 1166 copia
1014 1097 1079 1149 et
1125 1090 1474 1167 gravitate,
1523 1091 1617 1150 ita
1659 1090 1974 1149 sermonis
2022 1104 2279 1164 quoque
2328 1082 2465 1146 vii·—

356 1202 494 1255 tute
541 1196 840 1271 plurimis
887 1197 1179 1255 eiusdem
1237 1197 1499 1272 generis
1565 1196 1751 1256 libris
1815 1202 2125 1271 praestat.
2220 1194 2469 1270 Quam·

357 1318 554 1376 quam
600 1303 774 1383 enim
822 1319 861 1361 a
905 1303 1241 1361 rhetorum
1298 1303 1593 1362 artificiis
1649 1302 2080 1376 omnibusque
2137 1301 2465 1361 orationis

357 1407 699 1467 lenociniis
746 1408 940 1485 longe
985 1411 1274 1467 remotus
1322 1409 1602 1483 scriptor
1647 1407 1911 1467 dicendi
1957 1423 2199 1485 genere
2246 1407 2466 1466 utitur

356 1514 636 1589 simplici
684 1515 995 1588 tenuique
1043 1521 1108 1573 et
1154 1514 1240 1572 ad
1288 1513 1716 1573 cottidianam
1762 1514 2300 1573 consuetudinem
2352 1530 2464 1573 ac-

356 1620 649 1690 cedente,
697 1626 771 1679 ut
817 1620 1059 1696 optimo
1103 1620 1246 1679 iure
1293 1621 1374 1679 de
1417 1637 1485 1679 se
1518 1620 1657 1696 ipse
1690 1620 2028 1696 praedicet
2073 1636 2135 1694 p.
2162 1612 2224 1690 3,
2256 1613 2341 1677 15
2368 1636 2461 1680 ss·

356 1718 716 1799 συγγράψω
783 1722 853 1785 δὲ
917 1722 1033 1800 τὴν
1102 1722 1348 1786 ἐκείνου
1410 1721 1730 1802 εὐφημίαν
1794 1720 1872 1785 οὐ
1945 1726 2169 1806 κομπῷ
2240 1721 2421 1806 λόγῳ
2442 1740 2459 1754 ·

356 1825 505 1891 οὔτε
550 1826 672 1906 γὰρ
719 1827 758 1906 ἡ
805 1828 1165 1893 καλλιλεξία
1220 1828 1338 1892 τὸν
1405 1828 1544 1908 βίον
1609 1833 1741 1892 τῶν
1808 1826 2121 1892 τοιούτων
2183 1830 2463 1905 κοσμεῖν

355 1932 602 2015 εἴωθεν,
665 1931 807 1997 ἀλλ’
863 1933 902 2011 ἡ
957 1931 1149 2013 ἀρετὴ
1201 1937 1336 1999 τῶν
1377 1932 1587 2013 ἔργων
1643 1934 1745 1997 καὶ
1793 1932 1995 2012 αὐτὴν
2037 1934 2156 2011 τὴν
2201 1933 2463 2013 φράσιν

355 2039 691 2121 μεγαλύνει
738 2043 849 2121 (cf.
897 2042 1122 2123 41,10
1148 2043 1246 2122 s.)‚
1309 2055 1529 2106 tamen
1575 2047 1843 2106 minime
1888 2045 2291 2105 inconditam
2342 2049 2460 2107 vel

355 2153 677 2230 impuram
727 2170 867 2212 esse
916 2154 1057 2212 eius
1106 2155 1488 2232 orationem,
1538 2153 1654 2213 sed
1684 2154 1872 2228 quasi
1917 2153 2115 2212 insita
2161 2155 2460 2227 quadam

353 2259 665 2319 narrandi
731 2260 1046 2320 facultate
1112 2262 1429 2320 imbutam
1486 2277 1677 2320 nemo
1735 2261 1968 2335 opinor
2014 2260 2255 2320 infitias
2302 2260 2459 2319 ibit.

530 2368 758 2442 Neque
816 2368 1338 2428 obliviscendum
1404 2376 1503 2427 est
1559 2385 1708 2428 eum
1775 2373 2001 2443 utpote
2058 2367 2460 2443 calligraphi

353 2480 561 2533 artem
607 2475 974 2549 professum
1008 2475 1376 2535 litterarum
1421 2491 1552 2535 non
1600 2476 1795 2551 plane
1836 2477 2175 2549 expertem
2220 2473 2457 2534 fuisse.

353 2580 648 2657 Accedit,
717 2582 892 2655 quod
941 2582 1323 2656 priusquam
1370 2581 1661 2657 episcopi
1726 2582 1828 2639 sui
1892 2581 2099 2639 vitam
2158 2580 2456 2639 scribere

355 2687 590 2764 coepit,
656 2688 788 2746 iam
854 2688 1031 2747 illius
1097 2703 1247 2747 cum
1296 2687 1466 2747 Iulia
1509 2688 1889 2747 Manichaea
1937 2686 2460 2762 disputationem

351 2793 585 2853 litteris
632 2792 1065 2852 mandaverat
1114 2789 1225 2867 (cf.
1274 2810 1338 2868 p.
1390 2787 1494 2863 72,
1527 2787 1571 2850 4
1597 2788 1695 2868 s.).
1790 2792 1998 2868 Quam
2048 2793 2130 2851 ob
2178 2807 2317 2850 rem
2366 2809 2459 2852 ne

351 2900 741 2959 exercitatio
791 2899 1056 2974 quidem
1106 2899 1371 2958 dicendi
1417 2901 1627 2959 omnis
1675 2900 1737 2959 ei
1784 2899 2012 2958 deesse
2059 2899 2292 2973 potuit.

529 3006 774 3065 Verum
824 3014 1041 3065 tamen
1107 3007 1282 3065 haud
1349 3021 1563 3081 pauca
1629 3007 1696 3065 in
1755 3007 1894 3064 vita
1939 3004 2290 3082 Porphyrii
2339 3022 2457 3065 ex-

352 3119 525 3173 stant
570 3114 781 3173 verba
829 3114 1311 3187 verborumque
1358 3113 1630 3184 formae,
1700 3112 2229 3190 significationeS‚
2296 3128 2456 3182 con-

351 3219 761 3289 structiones,
812 3235 980 3294 quae
1027 3220 1356 3295 legentem
1403 3236 1642 3297 magno
1690 3235 1884 3295 opere
1919 3219 2269 3277 offendant.
2338 3218 2454 3278 At—

350 3340 477 3400 que
524 3326 883 3385 identidem
932 3327 1142 3385 oritur
1187 3326 1502 3403 quaestio,
1568 3329 1789 3386 utrum
1836 3324 1970 3397 illa,
2032 3342 2199 3400 quae
2248 3325 2454 3385 offen-

350 3431 598 3490 sionem
629 3432 966 3506 praebent,
1002 3433 1339 3508 scriptoris
1371 3433 1577 3507 ipsius
1608 3433 1874 3510 ingenio
1908 3449 1991 3491 an
2023 3430 2452 3493 librariorum

348 3538 801 3614 neglegentiae
850 3537 1201 3596 tribuenda
1248 3538 1397 3597 sint.
1493 3537 1637 3613 Qua
1692 3539 1774 3597 de
1821 3555 1892 3596 re
1939 3544 2013 3597 ut
2060 3538 2302 3597 certius
2350 3539 2449 3598 iu-

349 3642 557 3702 dicari
604 3644 828 3720 possit,
894 3660 1023 3702 non
1083 3645 1292 3703 solum
1339 3644 1541 3704 Marci
1602 3646 1916 3704 sermonis
1963 3659 2121 3704 usus
2169 3644 2449 3721 diligen·
2537 3625 2538 3632 ἵ
