2581 4081
1349 197 1421 252 24

340 374 449 450 20,
496 373 740 451 5-24,
787 375 851 439 4.
943 379 1149 440 Paulo
1196 384 1346 457 post
1390 382 1653 441 Marcus
1698 383 1764 440 et
1794 380 2124 440 Baroehas
2169 378 2448 439 diaconi

342 485 508 544 fiunt
554 480 660 557 24,
709 480 751 545 5
786 502 836 547 s·

521 586 649 653 397
711 597 774 652 d.
842 595 1048 653 XVII
1099 613 1184 654 m.
1245 596 1396 655 Iun.
1455 595 1743 655 F'lacilla
1797 595 2065 655 Arcadii
2116 594 2257 669 filia
2326 610 2448 651 na-

343 700 546 759 scitur

523 799 653 866 398
702 809 765 865 d.
816 806 1044 867 XXVI
1084 826 1168 865 m.
1216 808 1397 867 Febr.
1445 809 1722 868 Ioannes
1776 806 2254 885 Chrysostomus
2317 807 2449 883 epi-

346 930 572 990 scopus
612 915 685 988 fit
735 912 1320 993 Constantinopolis
1342 909 1393 989 ¹)
2007 914 2012 917 ’

526 1012 656 1078 398
683 1023 829 1094 post
853 1020 918 1078 d.
942 1020 1166 1080 XXVI
1201 1037 1286 1079 m.
1314 1020 1508 1079 Febr.
1534 1020 1941 1096 Porphyrius
1976 1020 2269 1081 Marcum
2311 1019 2447 1078 dia-

351 1141 589 1184 conum
623 1124 1252 1200 Constantinopolim
1284 1126 1485 1187 mittit
1510 1121 1562 1200 ²)
1610 1127 1695 1185 ad
1743 1126 2032 1186 edietum
2066 1127 2149 1185 de
2179 1126 2448 1201 templis

351 1231 758 1292 Gazaeorum
805 1232 1146 1291 diruendis
1191 1232 1679 1308 impetrandum
1722 1227 1829 1305 24,
1864 1226 1904 1292 8
1939 1250 2023 1292 ss.

530 1332 660 1398 398
699 1338 960 1397 Marcus
992 1339 1231 1417 viginti
1265 1340 1523 1410 diebus,
1573 1343 1917 1416 postquam
1953 1340 2290 1415 profectus
2326 1342 2445 1409 est,

354 1444 983 1520 Constantinopolim
1028 1447 1332 1521 pervenit
1376 1440 1483 1517 24,
1537 1441 1615 1506 17

531 1544 662 1609 398
712 1554 961 1626 septem
1009 1552 1245 1612 diebus
1305 1555 1453 1628 post
1497 1553 1701 1612 Marci
1748 1553 2108 1612 adventum
2155 1553 2447 1612 edietum

356 1659 439 1717 de
486 1658 873 1716 claudendis
921 1656 1327 1718 Gazaeorum
1374 1660 1633 1734 templis
1680 1660 1899 1719 editur
1945 1654 2052 1730 25,
2103 1655 2147 1719 4

534 1757 664 1823 398
712 1764 957 1823 Tribus
1026 1765 1261 1825 diebus
1321 1770 1468 1840 post
1525 1765 1812 1825 edietum
1883 1766 2132 1825 editum
2187 1767 2449 1825 Marcus

356 1869 918 1945 Constantinopoli
972 1871 1251 1930 decedit.
1347 1872 1589 1931 Decem
1654 1872 1889 1933 diebus
1953 1876 2100 1948 post
2146 1867 2450 1947 (quadra-

356 1978 542 2055 ginta
628 1977 864 2036 diebus
948 1979 1097 2053 post
1174 1976 1419 2037 Gazam
1506 1977 1829 2055 relictam)
1926 1979 2192 2038 domum
2277 1979 2453 2038 redit

357 2078 465 2157 25,
499 2078 719 2144 8—10
2125 2066 2130 2070 ἢ

536 2185 666 2252 398
745 2192 1008 2267 Septem
1078 2193 1315 2254 diebus
1413 2197 1562 2269 post
1629 2193 1834 2253 Marci
1921 2194 2208 2253 reditum
2277 2193 2454 2253 Hila-

357 2301 498 2358 rius
515 2295 566 2375 3)
613 2299 916 2376 magistri
965 2300 1327 2359 officiorum
1376 2300 1750 2359 subadiuva
1796 2293 1931 2375 (25,
1961 2294 2026 2376 7)
2071 2299 2316 2360 Gazam
2362 2300 2455 2359 in-

542 2529 594 2595 1)
637 2532 842 2583 Soerat.
881 2532 1005 2583 hist.
1047 2532 1177 2583 ecel.
1217 2532 1312 2595 VI,
1350 2528 1400 2582 2.

539 2616 594 2680 2)
631 2621 753 2670 Non
801 2626 932 2671 ante
979 2621 1121 2672 diem
1161 2622 1346 2671 XXVI
1397 2638 1467 2671 m.
1504 2621 1666 2673 Febr.
1703 2620 1948 2671 Marcum
1995 2621 2297 2685 profectum
2336 2637 2453 2672 esse

364 2724 428 2760 eo
466 2708 712 2773 efficitur,
754 2709 917 2774 quod,
956 2724 1079 2759 cum
1116 2708 1563 2772 proficisceretur,
1599 2710 1832 2761 Ioannes
1868 2710 1978 2759 iam
2018 2710 2304 2773 episeopus
2338 2715 2455 2760 erat

363 2798 430 2847 ef.
478 2813 529 2863 p.
579 2792 665 2858 24,
692 2794 760 2848 13
779 2813 848 2847 ss.
923 2798 1119 2863 Neque
1165 2813 1296 2848 vero
1343 2803 1465 2860 post
1515 2798 1657 2848 diem
1695 2798 1907 2848 XXVII
1953 2815 2023 2849 m.
2060 2798 2165 2849 Iul.
2213 2798 2449 2848 eiusdem

340 2886 493 2935 anni
531 2884 817 2936 advenisse
857 2885 1088 2950 videtur,
1129 2902 1237 2953 quo
1276 2887 1367 2938 die
1405 2886 1667 2950 Eutropio
1716 2892 1939 2938 auctore
1989 2887 2081 2939 lex
2117 2887 2233 2937 lata
2269 2892 2352 2939 est
2388 2886 2453 2937 de

364 2973 608 3024 eeclesiis
644 2974 784 3038 asyli
821 2975 940 3024 iure
989 2976 1284 3039 privandis,
1353 2976 1508 3025 cuius
1553 2975 1862 3042 frag-menta
1909 2981 2127 3026 exstant
2171 2977 2228 3025 in
2275 2976 2454 3027 codice

364 3061 741 3113 Theodosiano
787 3063 866 3112 IX
902 3059 992 3125 40,
1014 3059 1097 3114 16.
1148 3059 1236 3128 45,
1258 3060 1310 3113 3.
1350 3065 1479 3114 XVI
1527 3060 1579 3127 2,
1600 3060 1685 3114 32.
1706 3061 1791 3116 33.
1869 3064 1948 3115 Cf.
1988 3064 2280 3115 Tillemont
2315 3065 2451 3115 Hist.

366 3150 497 3202 eccl.
536 3151 586 3200 X
621 3167 673 3214 p.
712 3146 834 3215 851,
891 3152 1033 3201 Hist.
1087 3152 1185 3203 des
1231 3166 1545 3218 empereurs
1592 3153 1639 3203 V
1678 3169 1730 3216 p.
1767 3149 1873 3204 447
1892 3169 1935 3203 s.
2010 3154 2134 3215 Qua
2185 3154 2307 3220 lege
2342 3154 2452 3203 lata

365 3240 651 3291 discidium
704 3243 848 3293 inter
894 3241 1216 3306 Eutropium
1273 3246 1330 3290 et
1365 3241 1626 3291 Ioannem
1682 3247 1858 3291 ortum
1913 3246 2013 3292 est.
2088 3241 2224 3292 Cum
2274 3248 2452 3292 autem

365 3330 585 3381 Marcus
624 3330 1089 3395 Constantinopoli
1134 3336 1463 3393 versaretur,
1520 3330 1759 3380 amicitia
1795 3329 1875 3379 illi
1912 3331 2055 3380 inter
2091 3345 2151 3381 se
2189 3330 2451 3380 coniuncti

367 3422 540 3468 erant.

544 3503 602 3571 3)
640 3506 785 3558 Num
830 3506 917 3556 hie
953 3505 1196 3559 Hilarius
1240 3507 1386 3559 idem
1434 3507 1505 3557 sit
1551 3510 1720 3573 atque
1769 3506 1831 3570 is,
1890 3507 1984 3572 qui
2022 3520 2164 3555 anno
2201 3506 2315 3557 fere
2349 3503 2449 3557 387

367 3596 652 3660 proconsul
703 3596 1051 3648 Palaestinae
1107 3605 1242 3663 erat,
1301 3598 1517 3649 difficile
1564 3602 1650 3649 est
1698 3596 1848 3647 dictu
1896 3597 1963 3647 ef.
2011 3596 2203 3646 zosim.
2249 3596 2323 3646 IV
2368 3594 2450 3655 41,
