2581 4081
1397 250 1464 303 18

554 430 795 490 Contra
842 431 1088 489 dixerit
1134 431 1460 505 quispiam
1493 431 1784 490 Marcum
1825 432 2023 490 etiam
2071 431 2217 490 aliis
2264 433 2334 489 in
2384 449 2485 491 re·

379 539 501 596 bus
549 537 873 597 erravisse
930 538 1113 595 velut
1172 553 1323 595 011111
1384 537 1634 595 diceret
1681 529 1788 608 38,
1816 531 1903 596 24
1929 554 1978 599 s.
2047 530 2084 594 ὁ
2132 533 2204 595 δὲ
2249 553 2483 611 γεννη-

376 639 508 716 θεὶς
555 637 704 715 νέος
739 637 1095 715 Θεοδόσιος
1129 637 1200 702 ἑν
1246 643 1323 720 τῇ
1356 636 1664 720 πορφύρᾳ
1705 637 1945 715 ἐτέχθη,
1993 636 2146 706 ὅθεν
2193 640 2296 702 καὶ
2344 637 2483 702 ἀπὸ

364 744 632 823 Ιλοχείαις
684 744 987 823 βασιλεὺς
1020 741 1443 822 ἀνηγορεύθη.
1515 749 1684 807 Nam
1709 748 2152 808 Theodosium
2184 750 2249 809 d.
2274 751 2362 809 X.
2389 767 2480 809 m.

374 857 665 915 Ianuarii
700 855 1075 931 Augustum
1125 855 1532 914 declaratum
1566 872 1708 913 esse
1758 862 2012 919 constat
2036 851 2106 929 ¹).
2182 854 2312 915 Sed
2350 858 2479 915 etsi

374 963 657 1022 libenter
705 961 995 1019 concedo
1020 960 1334 1031 Marcum,
1386 967 1457 1018 ut
1500 961 1826 1020 bominem
1873 978 1912 1020 a
1944 963 2142 1020 rebus
2188 963 2481 1037 publicis

374 1068 681 1145 alienum,
748 1069 870 1126 hac
932 1068 1001 1125 in
1060 1084 1131 1125 re
1179 1083 1453 1137 errasse,
1522 1069 1791 1127 minime
1839 1069 1931 1127 ita
1977 1085 2054 1126 eo
2103 1070 2477 1140 abutemur‚

374 1178 446 1231 ut
492 1175 557 1233 in
608 1175 827 1245 rebus,
877 1191 1042 1249 quas
1074 1176 1213 1250 ipse
1263 1176 1472 1234 oculis
1504 1176 1673 1234 vidit
1720 1176 2123 1250 auribusque
2155 1179 2476 1251 percepit,

372 1281 434 1338 ei
477 1288 834 1355 utcumque
866 1281 1064 1340 fldem
1096 1282 1510 1359 derogemus.
1582 1282 1786 1340 Paulo
1820 1284 2092 1360 gravius
2125 1290 2243 1353 est,
2293 1285 2478 1357 quod
2555 1364 2556 1369 ἵ

374 1387 632 1446 Marcus
680 1368 1031 1463 (10,210.)
1097 1403 1135 1444 a
1183 1387 1450 1462 Praylio
1498 1387 2104 1463 Hierosolymorum
2161 1389 2476 1465 episcopo

373 1507 546 1550 anno
595 1486 724 1552 392
772 1493 1212 1568 Porphyrium
1277 1493 1742 1568 presbyterum
1807 1494 2057 1552 factum
2123 1491 2283 1554 esse'
2321 1511 2477 1554 con·

373 1599 602 1658 tendit.
695 1598 863 1658 Nam
929 1599 1042 1657 illo
1112 1601 1404 1674 tempore
1452 1598 1765 1657 Ioannem
1836 1600 2216 1675 episcopum
2275 1602 2476 1660 huius

372 1703 556 1764 urbis
599 1705 801 1764 fuisse
848 1705 1048 1778 inque
1096 1704 1236 1762 eius
1284 1705 1502 1764 locum
1548 1721 1719 1763 anno
1768 1705 1906 1764 fere
1951 1700 2079 1764 417
2129 1707 2474 1782 Praylium

373 1811 766 1869 successisse
812 1813 983 1871 inter
1030 1828 1255 1871 omnes
1304 1819 1559 1871 constat
1605 1808 1716 1886 (cf.
1767 1812 1918 1871 adn.
1969 1813 2057 1871 ad
2101 1816 2473 1889 temporum

371 1916 665 1976 tabulam
712 1934 771 1976 a.
819 1911 997 1992 392).
1093 1917 1223 1978 Sed
1287 1919 1950 1977 animadvertendum
2015 1925 2114 1991 est
2176 1920 2472 1979 Marcum

373 2038 596 2082 omnes
642 2023 990 2100 Porphyrii
1057 2042 1163 2085 res
1221 2025 1608 2101 episcopatu
1665 2025 2035 2100 superiores
2083 2027 2472 2086 brevissime

371 2135 455 2198 et,
504 2134 578 2187 ut
622 2131 907 2207 videtur,
955 2133 1308 2190 memoriae
1356 2148 1514 2190 suae
1548 2132 1982 2190 confidentem
2014 2133 2248 2191 litteris
2296 2151 2474 2193 man-

372 2237 592 2309 dasse3
666 2252 835 2311 quae
895 2253 1045 2296 eum
1103 2238 1227 2296 hoc
1290 2237 1437 2295 loco
1503 2237 1757 2295 fefellit.
1854 2235 2268 2312 Quamquam
2326 2241 2468 2298 fieri

370 2347 602 2417 potest,
638 2351 710 2401 ut
739 2343 1066 2419 Praylius‚
1100 2360 1251 2403 011111
1282 2344 1688 2419 Porphyrius
1729 2345 2077 2420 presbyter
2109 2356 2470 2422 crearetur,

370 2450 454 2507 ab
502 2466 582 2507 ea
627 2465 697 2509 re
746 2450 923 2509 haud
970 2467 1239 2525 prorsus
1301 2452 1557 2510 alienus
1603 2452 1809 2509 fuerit
1878 2454 2074 2525 atque
2122 2461 2473 2527 propterea

369 2555 627 2615 Marcus
674 2557 741 2614 in
790 2573 935 2615 eam
993 2558 1375 2636 „opinionem
1443 2558 1772 2616 adductus
1838 2557 1940 2627 sit,
2012 2562 2086 2615 ut
2130 2557 2472 2632 Praylium

371 2668 528 2719 tunc
586 2662 966 2737 episcopum
1024 2662 1226 2722 fuisse
1299 2668 1580 2738 putaret.
1673 2664 1799 2723 Res
1870 2669 2091 2722 autem
2157 2663 2311 2723 inde
2384 2667 2471 2722 ab

370 2767 752 2842 episcopatu
785 2784 824 2825 a
850 2768 1214 2845 Porphyrio
1247 2776 1470 2847 gestas
1494 2770 1756 2828 Marcus
1788 2771 2164 2829 accuratius
2196 2787 2470 2829 narrare

304 2947 309 2950 ψ
370 2873 585 2947 coepit
633 2881 698 2932 et
744 2891 1000 2934 menses
1058 2876 1202 2935 dies
1260 2876 1456 2935 horas
1503 2876 1795 2946 adnotat,
1867 2877 2108 2950 quibus
2165 2890 2468 2953 quaeque

368 2995 474 3038 res
504 2980 776 3056 gravior
809 2981 987 3039 facta
1020 2985 1118 3039 est
1156 2977 1269 3056 (cf.
1304 2975 1403 3052 18,
1432 2977 1519 3040 20
1545 2999 1596 3040 0.
1650 2976 1751 3052 19,
1779 2976 1886 3039 21.
1934 2977 2041 3051 30,
2074 2975 2175 3041 18.
2224 2976 2330 3052 46,
2357 2978 2465 3040 24.

369 3078 630 3161 82,10),
701 3095 775 3145 111
843 3088 986 3147 iure
1056 3089 1292 3148 credas
1339 3089 1635 3148 Marcum
1703 3095 1851 3163 post
1920 3089 2370 3164 episcopatum
2429 3107 2470 3147 a

367 3191 731 3267 Porphyrio
779 3197 1156 3269 susceptum
1201 3193 1542 3271 graviores
1600 3194 1867 3268 quidem
1914 3211 2021 3253 res
2079 3195 2147 3252 111
2196 3189 2469 3253 diurnos

367 3298 688 3371 quosdam
734 3301 1235 3358 commentarios
1283 3300 1616 3359 rettulisse
1677 3301 1889 3373 iisque
1940 3305 2168 3375 postea
2212 3302 2280 3358 in
2328 3303 2469 3360 vita

546 3533 600 3600 1)
640 3537 969 3588 Testimonia
1016 3538 1176 3589 huius
1223 3541 1301 3589 rei
1348 3556 1398 3589 ν.
1451 3540 1598 3604 apud
1638 3534 1882 3590 Sievers:
1943 3539 2168 3591 Studien
2227 3556 2323 3590 zur
2362 3542 2466 3593 Ge-

367 3623 604 3675 scllichte
645 3627 740 3676 der
777 3643 937 3676 roem.
979 3628 1171 3678 Kaisar
1216 3625 1353 3677 1870
1394 3645 1443 3691 p.
1485 3624 1591 3678 419
1613 3646 1652 3678 0.
1758 3695 1763 3702 .
