2581 4081
1132 250 1202 314 45

299 426 778 498 σκύλλεσθαι
826 441 1001 514 quod
1050 441 1226 515 apud
1258 437 1648 500 vetustiores
1695 427 1976 500 ‘vexari’
2018 439 2214 518 signi-

113 546 294 622 fieat,
345 563 407 621 p.
457 539 563 616 35,
613 541 699 604 24
746 564 832 605 ex
878 563 1002 606 usu
1047 547 1181 605 illis
1229 548 1631 622 temporibus
1679 548 2062 624 pervolgato
2095 565 2213 623 pro

113 646 267 710 ‘iter
332 649 577 711 facere'
636 659 991 729 usurpatur
1060 651 1171 728 (cf.
1221 658 1517 712 nostrum
1584 648 1748 712 ‘sich
1816 628 2052 713 wohin
2106 656 2215 713 be-

115 750 436 837 miihen').
527 760 796 818 Praeter
853 760 1158 835 exempla
1221 761 1355 818 iam
1419 760 1489 818 in
1536 759 1848 835 Stephani
1911 761 2216 820 thesauro

117 871 631 924 commemorata
696 866 781 926 cf.
830 865 1080 926 Pallad.
1147 882 1211 941 p.
1274 859 1477 924 11130
1524 861 1626 924 καὶ
1685 860 1881 938 αὐτὸς
1937 859 2216 938 ἐσκύλην

118 965 245 1047 ἕως
324 967 665 1047 Θηβαίδος.
759 973 1083 1046 Apophth.
1152 979 1321 1046 patr.
1383 988 1444 1046 p.
1497 962 1662 1030 320³
1722 966 2026 1045 σκύλθητι
2093 966 2218 1045 ἕως

117 1081 254 1140 τῶν
306 1073 453 1157 ὧδε,
526 1096 589 1154 p.
638 1074 799 1137 2170
847 1071 1152 1151 σκύλθητι
1210 1071 1329 1136 οὖν
1383 1073 1547 1151 πρὸς
1592 1071 1810 1151 αὐτήν.
1882 1081 2028 1141 Act.
2076 1080 2221 1138 Phi-

119 1189 288 1264 lippi
340 1192 545 1263 apost.
583 1185 797 1247 Anall.
845 1186 1004 1245 Boll.
1055 1185 1150 1244 IX
1197 1203 1261 1261 p.
1295 1179 1446 1263 240,
1486 1179 1565 1242 13
1609 1181 1712 1244 καὶ
1760 1180 1925 1257 λέγει
1974 1180 2219 1259 αὐτοῖς·

122 1285 258 1353 Ἵνα
323 1287 383 1352 τί
447 1285 832 1366 σκύλλεσθε;
912 1286 974 1350 οἳ
1033 1287 1104 1350 δὲ
1161 1284 1364 1350 εἶπον·
1460 1283 1631 1364 Ἕως
1701 1284 1778 1350 οὗ
1842 1286 2079 1367 ἴδωμεν
2142 1289 2219 1353 τὸ

120 1398 383 1477 πλοῖον,
422 1393 492 1457 ἐν
541 1393 593 1478 ᾧ
641 1393 932 1473 ἐπιβῆναι
979 1393 1251 1476 μέλλεις,
1301 1392 1830 1473 ἀκολουθήσομέν
1877 1409 2002 1459 σοι.
2098 1401 2222 1459 Ita-

126 1523 259 1582 que
333 1500 617 1579 σκυλμός
688 1507 863 1565 idem
940 1507 1076 1565 fere
1150 1512 1267 1577 est,
1348 1506 1523 1580 quod
1591 1501 1765 1564 ‘iter'
1834 1524 1896 1582 p.
1945 1501 2052 1578 31,
2112 1501 2219 1565 24.

125 1608 235 1685 33,
293 1608 395 1675 12.
489 1612 585 1673 Of.
635 1613 833 1672 etiam
881 1611 1046 1670 Acta
1078 1612 1370 1688 Theogn.
1423 1613 1620 1687 episc.
1672 1613 1959 1672 Beteliae
2008 1613 2220 1672 Anall.

126 1720 294 1778 Boll.
341 1719 406 1779 X
453 1736 515 1794 p.
564 1711 671 1796 91,
720 1712 760 1777 6
826 1710 904 1776 οὗ
964 1711 1175 1778 ἕνεκεν
1231 1711 1268 1776 ὁ
1317 1712 1525 1791 γέρων
1571 1713 1687 1777 τὸν
1734 1714 2021 1792 σκυλμόν
2076 1714 2223 1778 ὑπέ-

129 1840 366 1899 μεινεν.

314 1925 732 2005 τυγχάνειν
788 1948 937 1991 cum
985 1933 1160 2008 apud
1207 1939 1466 1991 veteres
1524 1948 1781 2008 semper
1839 1949 1988 1992 cum
2033 1933 2225 1992 verbi

131 2040 484 2117 participio
566 2042 1031 2117 coniungatur,
1120 2042 1230 2115 qui
1303 2057 1459 2101 usus
1537 2040 1738 2099 semel
1817 2040 1992 2115 apud
2060 2040 2223 2100 Mar-

134 2163 287 2205 cum
381 2154 597 2207 exstat
685 2165 747 2223 p.
796 2142 902 2218 67,
980 2140 1040 2219 8,
1134 2149 1290 2207 inde
1372 2149 1511 2207 fere
1594 2149 1677 2206 ab
1759 2146 2228 2222 imperatorum

132 2254 574 2313 Romanorum
634 2260 847 2314 aetate
907 2256 993 2313 ad
1051 2255 1425 2330 exemplum
1482 2256 1673 2314 verbi
1732 2249 2106 2329 συμβαίνειν
2164 2263 2231 2315 et

134 2360 449 2419 similium
481 2362 867 2436 plerumque
899 2363 1424 2437 impersonaliter
1456 2367 1845 2436 usurpatum
1892 2378 2042 2422 cum
2089 2364 2229 2422 infi-

134 2467 347 2525 nitivo
406 2469 680 2526 struitur
703 2463 769 2542 ¹).
865 2468 988 2543 Qui
1059 2485 1215 2528 usus
1285 2470 1390 2527 bis
1460 2469 1637 2544 apud
1692 2470 1983 2529 Marcum
2053 2471 2234 2529 inve-

136 2575 348 2632 nitur:
418 2591 480 2649 p.
530 2568 637 2646 30,
686 2569 768 2633 13
818 2567 980 2648 ἅπερ
1031 2568 1253 2648 ἔτυχεν
1301 2573 1727 2648 περισσεῦσαι
1798 2584 1863 2636 et
1920 2594 1984 2653 p.
2033 2570 2142 2648 51,
2193 2572 2228 2635 7

138 2674 366 2753 ἔτυχεν
414 2675 486 2738 δὲ
533 2673 651 2738 δύο
676 2674 918 2754 ἄνδρας
943 2675 1396 2754 παρίστασθαι.
1491 2682 1704 2756 Atque
1738 2671 1979 2742 sensim
2016 2699 2122 2743 ree
2156 2700 2232 2743 eo

138 2788 461 2862 pervenit,
519 2796 592 2846 ut
636 2782 975 2861 τυγχάνειν
1033 2804 1072 2844 a
1118 2789 1341 2846 verbis
1394 2780 1554 2846 εἶναι
1628 2797 1692 2847 et
1746 2782 2056 2863 ὑπάρχειν
2104 2808 2232 2851 om-

139 2896 298 2954 nino
344 2912 472 2953 non
524 2895 835 2966 differret,
886 2897 1068 2955 velut
1113 2889 1175 2966 4,
1225 2890 1268 2952 4
1319 2911 1368 2953 s.
1451 2889 1612 2956 Γάζα
1657 2890 1844 2968 πόλις
1893 2891 2072 2956 ἐστὶν
2117 2897 2233 2973 τῆς

139 2999 586 3077 Παλαιστίνης
646 2998 716 3063 ἐν
772 2998 1045 3083 μεθορίῳ
1093 3000 1208 3076 τῆς
1261 2995 1579 3074 Αἰγύπτου
1640 2996 2046 3083 ὑπάρχουσα,
2118 3001 2237 3066 οὐκ

109 3104 395 3184 ἄσημος
445 3108 516 3171 δὲ
573 3105 733 3185 αὕτη
782 3106 1213 3189 τυγχάνουσα,
1282 3104 1448 3169 ἀλλὰ
1515 3106 1617 3169 καὶ
1663 3104 2076 3185 πολύανδρος
2133 3107 2236 3172 καὶ

143 3224 277 3283 τῶν
321 3217 629 3297 ἐμφανῶν
676 3214 933 3280 πόλεων
981 3212 1150 3278 οὖσα
1198 3226 1263 3279 et
1312 3218 1584 3279 Cedren.
1628 3219 1693 3277 II
1739 3213 1848 3295 29,
1895 3214 1983 3277 24
2030 3220 2233 3281 Bonn.

145 3326 355 3390 ἐκεῖσε
400 3327 522 3404 γὰρ
555 3323 779 3406 ἔτυχεν
825 3322 1240 3404 τυγχάνουσα
1285 3322 1326 3399 ἡ
1363 3320 1635 3399 βασιλίς.
1708 3325 1916 3401 Quam
1966 3328 2049 3385 ob
2095 3340 2235 3386 rem

326 3577 379 3645 1)
419 3581 487 3631 cf.
536 3576 682 3631 Guil.
722 3579 989 3631 Schmidt:
1028 3580 1112 3629 De
1154 3577 1334 3629 Flavii
1370 3574 1588 3639 Iosephi
1635 3574 1941 3626 elocutione
1989 3572 2242 3624 observa·

149 3673 324 3724 tiones
361 3671 599 3722 criticae.
639 3671 768 3736 Lps.
808 3665 947 3720 1893
985 3685 1035 3735 Ρ.
1073 3663 1195 3719 423.
