2581 4081
1376 226 1446 280 38

366 409 557 471 class
624 411 987 489 Philologie
1057 405 1226 470 1896
1295 428 1354 486 p.
1406 404 1567 485 374)
1631 411 1727 470 ita
1794 411 2087 481 offendit,
2154 416 2228 470 ut
2294 409 2471 469 alter

367 519 568 577 scribi
616 520 880 578 iusserit
928 516 1238 593 σοβαρᾶς,
1289 520 1454 577 alter
1496 518 1661 578 adeo
1709 510 2065 593 ἀφοβήτου.
2160 517 2289 577 Sed
2342 519 2469 577 etsi

365 625 708 684 Eberhard
758 642 1020 685 sensum
1069 626 1300 685 saltem
1357 632 1535 684 reete
1601 633 1939 684 assecutus
2004 628 2122 694 est,
2188 625 2473 684 minime

366 737 585 790 tamen
630 748 795 807 opus
862 740 960 790 est
1024 733 1406 791 mutatione.
1501 731 1618 790 Vis
1683 732 1857 790 enim
1926 732 2106 792 vocis
2171 728 2472 805 φοβερᾶς

363 836 497 895 illis
544 839 947 914 temporibus
1013 840 1254 896 sensim
1329 839 1422 896 ita
1483 837 1820 897 deminuta
1884 844 2046 914 erat,
2117 844 2190 896 ut
2251 854 2473 912 paene

364 943 540 1002 idem
587 945 840 1003 valeret
882 960 960 1003 ae
1007 938 1396 1018 θαυμαστός.
1470 943 1657 1020 Quod
1695 949 1766 1002 ut
1820 945 1952 1003 iam
1992 949 2171 1003 reete
2206 946 2475 1003 monuit

366 1048 717 1124 Sophocles
767 1046 1011 1125 (Greek
1059 1051 1322 1109 lexieon
1370 1051 1443 1110 of
1485 1051 1591 1109 the
1632 1051 1879 1110 Roman
1927 1052 2060 1110 and
2096 1050 2472 1125 Byzantine

367 1153 676 1231 periods),
711 1158 804 1215 ita
837 1158 1139 1232 plurimis
1172 1157 1573 1217 demonstari
1611 1160 1825 1232 potest
1861 1158 2203 1233 exemplis
2264 1156 2473 1215 Velut

368 1263 590 1321 chron.
636 1265 856 1337 pasch.
905 1282 968 1339 p.
1019 1258 1169 1333 622,
1203 1259 1232 1320 1
1274 1260 1378 1322 καὶ
1411 1258 1449 1337 ἡ
1494 1259 1733 1338 μεγάλη
1775 1258 2079 1336 ἐκκλησία
2124 1260 2305 1322 πᾶσα
2341 1258 2474 1322 σὺν

366 1366 504 1441 τοῖς
553 1367 863 1443 φοβεροῖς
913 1366 1015 1429 καὶ
1048 1368 1445 1444 θαυμαστοῖς
1480 1366 1689 1429 κίοσι.
1720 1412 1735 1428 .
1762 1363 2138 1443 κατηνέχθη.
2186 1371 2471 1445 Nieeph.

368 1492 430 1533 V.
484 1474 785 1534 Andreae
845 1475 981 1536 Sali
1031 1478 1165 1536 AA.
1226 1476 1335 1536 SS.
1393 1477 1521 1535 Mai
1579 1476 1670 1535 VI
1716 1494 1779 1551 p.
1838 1466 2008 1534 19*f
2073 1474 2328 1553 φοβερᾷ
2400 1491 2474 1534 τε

368 1581 532 1658 χαρᾷ
577 1577 1012 1656 συνεχόμενος
1052 1578 1344 1656 ὑπῆρχον
1374 1577 1444 1642 ἐκ
1490 1581 1602 1655 τῆς
1637 1576 1955 1656 ἡδυτάτης
1994 1576 2267 1654 εὐωδίας
2313 1577 2474 1641 ἐκεί-

367 1702 504 1763 νης,
578 1705 638 1763 p.
689 1681 861 1748 21*Θ
930 1686 1217 1764 φοβερὸν
1273 1685 1731 1764 καταπέτασμα
1787 1683 1877 1762 ὡς
1924 1683 2229 1763 ἤλεκτρος
2279 1683 2474 1763 ὑπέρ-

368 1791 662 1869 λαμπρον
704 1792 807 1855 καὶ
854 1792 1118 1871 σφόδρα
1164 1791 1640 1874 καθαρώτατον,
1720 1814 1782 1872 p.
1832 1791 1912 1855 21
1932 1787 2005 1837 '¹⁸¹'
2058 1791 2473 1870 εἱστήκεισαν

368 1893 487 1959 οὖν
524 1896 691 1962 τάξει
717 1900 836 1962 τινὶ
873 1900 974 1962 καὶ
1008 1899 1355 1978 κοσμότητι
1390 1899 1492 1962 ἐπὶ
1527 1901 1813 1978 φοβεροῦ
1848 1895 2058 1977 ὕψους
2084 1944 2098 1962 .
2128 1947 2142 1963 .
2171 1900 2475 1976 σκῆπτρα

367 2003 617 2083 φοβερὰ
665 2004 734 2069 ἐν
778 2009 917 2084 ταῖς
962 2007 1145 2086 χερσὶ
1192 2006 1591 2087 κατέχοντες,
1640 2028 1701 2087 p.
1750 2001 1929 2070 44’180
1976 2011 2058 2070 de
2104 2010 2263 2071 flore
2309 2026 2474 2085 quo·

369 2116 519 2175 dam
580 2119 1021 2192 pulcherrimo
1091 2119 1337 2178 dieitur
1406 2114 1634 2192 μεταξὺ
1690 2116 1805 2178 τοῦ
1868 2115 2155 2192 φοβεροῦ
2215 2112 2472 2177 ἐκείνου

368 2221 596 2297 φυτοῦ,
667 2241 729 2300 p.
783 2218 998 2283 100*0
1044 2220 1123 2283 τὰ
1170 2219 1373 2284 εἴκοσι
1421 2219 1710 2297 τέσσαρα
1757 2222 2045 2297 στοιχεῖα
2092 2221 2222 2283 τῶν
2269 2238 2471 2297 γραμ-

369 2323 586 2404 μάτων
635 2323 765 2390 ἀπὸ
809 2329 1096 2406 φοβερᾶς
1142 2326 1415 2405 θεωρίας
1454 2325 1816 2403 πνεύματος
1869 2323 2055 2401 ἁγίου
2098 2324 2473 2401 ἐγίνωσκεν.

368 2436 620 2496 Leontii
678 2455 737 2494 v.
780 2438 1123 2514 Symeonis
1170 2437 1346 2498 PGM
1394 2437 1803 2498 LXXXXIII
1857 2453 1920 2511 p.
1969 2430 2184 2495 17040
2231 2432 2469 2510 μνημό-

369 2552 609 2602 νευσον
650 2542 764 2616 τῆς
813 2542 1099 2619 φοβερᾶς
1156 2538 1359 2619 ὥρας,
1431 2538 1539 2603 ὅτε
1600 2539 1674 2601 τὸ
1735 2536 1918 2614 ἅγιον
1979 2543 2193 2616 σχῆμα
2248 2538 2469 2604 ἐνεδύ-

370 2649 583 2723 θημεν.
657 2649 808 2709 Vita-
854 2651 1077 2710 Basilii
1129 2651 1269 2710 Iun.
1310 2667 1366 2709 e.
1405 2644 1487 2708 57
1526 2650 1662 2708 AA.
1702 2648 1809 2708 SS.
1848 2650 2035 2709 Mart.
2067 2649 2162 2709 III
2200 2667 2260 2725 p.
2291 2645 2372 2709 31
2391 2653 2470 2691 *θ

369 2754 597 2829 θεωρεῖ
633 2750 911 2815 παλάτια
940 2751 1205 2832 φοβερά,
1243 2751 1336 2815 ὧν
1371 2750 1434 2814 αἱ
1467 2749 1662 2814 πύλαι
1688 2748 2043 2829 ὁλόχρυσαι
2075 2749 2165 2828 ὼς
2200 2749 2236 2814 ὁ
2262 2750 2469 2829 ἥλιος.

372 2865 888 2939 Aphroditianus
927 2863 1130 2941 (apud
1154 2866 1229 2924 A.
1256 2865 1472 2924 Wirth
1518 2857 1675 2923 ‘Aus
1724 2865 2020 2921 oriental.
2063 2857 2470 2923 Chroniken'

375 2963 571 3045 1894)
621 2987 683 3046 p.
741 2965 885 3041 167,
919 2966 999 3030 13
1058 2966 1294 3044 ἐπέστη
1355 2966 1505 3043 ἡμῖν
1565 2984 1660 3042 τις
1709 2965 1993 3044 φοβερὸς
2038 2962 2311 3041 ἄγγελος
2362 2965 2469 3028 καὶ

371 3069 589 3148 ἔλεγεν
632 3071 807 3150 ἡμῖν·
859 3072 950 3135 Τὸ
988 3070 1184 3150 τάχος
1234 3071 1537 3152 ἐξέλθετε,
1597 3070 1677 3148 μή
1722 3090 1865 3134 τινα
1912 3070 2260 3149 ἐπιβουλὴν
2309 3069 2467 3133 ὑπο-

370 3180 577 3254 στῆτε.
661 3183 1031 3260 Agathang.
1083 3201 1143 3258 p.
1196 3177 1303 3253 56,
1331 3177 1416 3241 96
1443 3199 1493 3240 S.
1543 3182 1701 3258 Lag.
1739 3177 2122 3256 διηγήσομαι
2165 3175 2312 3256 ὑμῖν
2343 3177 2467 3255 τὴν

371 3284 752 3361 κηδεμονίαν
802 3287 916 3362 τῆς
971 3288 1085 3349 τοῦ
1147 3286 1538 3364 δημιουργοῦ
1599 3281 1852 3361 ἀγάπης
1910 3284 2029 3361 τὴν
2081 3283 2247 3362 πρὸς
2296 3281 2463 3361 ὑμᾶς

370 3387 602 3470 οὖσαν,
654 3391 790 3469 ἥτις
834 3390 1255 3472 ἀπεκαλύφθη
1303 3412 1406 3469 μοι
1454 3394 1704 3473 φοβερᾷ
1745 3390 1846 3453 καὶ
1891 3395 2062 3474 θεῑκῇ
2103 3389 2353 3472 θεωρίᾳ.

549 3501 924 3561 See-undum
963 3504 1124 3563 haee
1166 3503 1613 3580 intellegenda
1653 3504 1852 3561 etiam
1890 3509 1988 3561 est
2018 3518 2155 3561 vox
2189 3497 2463 3576 φοβερό-

374 3607 619 3683 βαφος,·
657 3626 850 3684 quam
903 3611 1149 3668 frustra
1194 3612 1260 3669 in
1300 3609 1533 3668 lexicis
1579 3609 1818 3668 nostris
1851 3625 2148 3682 quaeraS,
2199 3609 2316 3667 sed
2347 3626 2463 3667 ex·
