2581 4081
1387 242 1453 307 14

448 484 451 489 .
549 431 695 496 Huc
744 434 1000 495 accedit
1047 435 1246 494 aliud.
1309 437 1565 494 Marcus
1598 430 1704 507 38,
1743 427 1823 494 15
1857 454 1907 495 s.
1956 432 2276 513 gloriatur
2324 446 2471 496 sese

373 559 519 601 cum
569 544 913 617 episcopiS,
959 543 1074 601 ubi
1123 542 1746 616 Constantinopolim
1796 544 2149 613 venissent,
2196 545 2470 602 cottidie

369 650 677 707 Ioannem
711 648 1237 724 Chrysostomum
1275 650 1680 735 convenisse.
1759 649 1927 707 Tota
1958 656 2172 707 autem
2210 651 2472 724 reliqua

370 756 742 814 narratione
804 756 942 814 eius
1007 771 1328 828 nusquam
1400 756 1473 812 fit
1537 755 1800 831 mentio,
1864 762 1936 812 ut
2002 762 2317 829 appareat
2383 775 2469 815 ne

368 863 767 920 valedixisse
816 863 1080 936 quidem
1130 863 1189 919 ei
1238 863 1577 936 episcopos
1628 862 1887 919 domum
1938 862 2285 920 redituros·
2359 863 2470 920 Di-

367 970 541 1027 xerit
588 985 744 1026 sane
793 969 1111 1042 quispiam
1163 985 1272 1025 eos
1322 984 1464 1025 eam
1524 968 1606 1025 ob
1663 983 1927 1025 causam
1977 967 2283 1025 Ioannem
2332 985 2469 1027 non

368 1076 498 1133 iam
547 1075 805 1144 adiisse,
878 1075 1032 1148 quia
1078 1075 1377 1149 Augusta
1434 1074 1493 1131 ei
1541 1075 1936 1131 irasceretur
1980 1067 2110 1150 (33,
2152 1068 2281 1148 18).
2380 1077 2469 1133 At

368 1182 510 1256 ipsa
557 1181 670 1238 illa
712 1180 913 1238 Marci
964 1180 1168 1237 verba
1216 1173 1435 1249 38,15
1463 1196 1512 1237 s,
1564 1180 1801 1238 docent
1850 1181 2188 1254 episcopos
2236 1187 2469 1255 postea

368 1304 647 1362 quoque,
719 1304 913 1361 quam
972 1287 1340 1344 Eudoxiam
1399 1287 1736 1363 adiissent,
1808 1287 1992 1344 illum
2051 1289 2464 1346 convenisse.

367 1395 541 1453 Nihil
600 1395 802 1470 igitur
866 1399 1088 1462 restat,
1161 1393 1286 1451 nisi
1345 1401 1416 1450 ut
1474 1409 1791 1466 ponamus
1857 1395 2213 1467 posteriore
2273 1400 2465 1467 parte

367 1502 505 1559 eius
538 1500 868 1574 temporiS‚
897 1516 1022 1572 quo
1048 1499 1449 1573 Porphyrius
1476 1498 2031 1573 Constantinopoli
2064 1507 2463 1569 versaretur,

364 1607 672 1665 Ioannem
721 1607 953 1664 itinere
986 1607 1162 1663 facto
1210 1606 1294 1662 ab
1327 1606 1490 1663 urbe
1540 1606 1803 1663 afuisse.
1872 1604 2057 1680 Quod
2104 1606 2236 1663 iam
2268 1605 2469 1664 Tille-

365 1719 564 1783 mont‚
616 1729 745 1786 qua
791 1719 932 1770 erat
980 1713 1339 1787 sagacitate
1388 1717 1452 1769 et
1501 1712 1831 1781 doctrina,·
1868 1712 2223 1785 perspexit.
2291 1713 2462 1771 Nam

365 1827 542 1879 recte
607 1820 857 1878 monuit
922 1835 997 1876 eo
1068 1827 1359 1892 tempore
1408 1819 1491 1875 ab
1539 1818 1782 1876 Ioanne
1830 1817 2288 1894 Chrysostomo
2338 1819 2466 1878 iter

364 1930 622 2004 longius
668 1928 735 1984 in
784 1926 1007 1984 Asiam
1073 1926 1320 1983 factum
1388 1941 1528 1982 esse
1596 1925 1679 1983 ad
1739 1925 2135 1998 inquirenda
2181 1926 2463 1983 crimina

364 2036 430 2094 in
496 2033 892 2093 Antoninum
954 2032 1382 2106 Ephesiorum
1448 2032 1824 2107 episcopum
1891 2033 2205 2091 coniecta.
2311 2031 2459 2091 Non

362 2148 575 2200 autem
626 2141 811 2198 initio
860 2140 1013 2197 anni
1060 2134 1211 2207 401,
1278 2147 1352 2196 ut
1398 2139 1749 2197 Tillemont
1795 2140 2041 2216 voluit,-
2081 2141 2195 2197 sed
2244 2140 2458 2198 hieme

363 2250 516 2306 anni
563 2241 857 2323 401s402
925 2246 1046 2303 hoc
1093 2247 1217 2303 iter
1265 2252 1640 2319 susceptum
1688 2251 1805 2303 est.
1898 2246 2232 2304 Palladius
2281 2249 2458 2305 enim

363 2356 427 2414 ln
502 2355 762 2429 dialogo
836 2354 915 2410 de
974 2354 1113 2410 vita
1171 2353 1434 2410 Ioannis
1493 2341 1938 2427 Chrysostomi
1994 2351 2167 2412 PGM
2212 2332 2458 2411 XL'VH

362 2478 424 2536 p.
472 2456 554 2519 47
594 2477 677 2518 SS.
726 2462 1074 2519 memoriae
1123 2462 1340 2534 prodit
1389 2460 1740 2517 Eusebium
1789 2459 2453 2533 Valentinopolitano-

360 2584 506 2626 rum
554 2568 929 2641 episcopum
978 2567 1336 2624 indictione
1373 2567 1535 2625 XIII
1585 2564 1651 2640 (i.
1680 2584 1734 2627 e.
1771 2567 1944 2623 intra
1991 2566 2052 2622 d.
2089 2567 2119 2623 I
2165 2583 2249 2626 m.
2302 2565 2455 2640 Sep-

361 2675 630 2733 tembris
696 2689 753 2733 a.
804 2667 934 2731 399
991 2682 1054 2730 et
1113 2674 1172 2730 d.
1222 2673 1449 2731 XXXI
1498 2690 1583 2731 m.
1633 2674 1912 2748 Augusti
1980 2689 2037 2729 a.
2087 2666 2242 2745 400)
2289 2672 2452 2731 Con·

362 2780 848 2854 stantinopolim
914 2780 1171 2837 venisse
1238 2783 1303 2837 et
1367 2781 1822 2854 praesentibus
1888 2780 2127 2856 viginti
2194 2781 2451 2838 duobus

360 2888 682 2962 episcopis
715 2887 1113 2944 Antoninum
1139 2887 1567 2961 Ephesiorum
1603 2888 1978 2962 episcopum
2012 2887 2449 2944 accusavisse.

358 2993 669 3052 Ioannem
716 2995 933 3050 autem
982 2991 1531 3069 Chrysostomum,
1589 3000 1661 3051 ut
1710 2995 1985 3051 crimina
2032 2994 2115 3050 ab
2164 2994 2449 3052 Eusebio

356 3102 425 3160 in
463 3101 856 3159 Antoninum
890 3100 1185 3158 coniecta
1218 3102 1645 3171 examinaret,
1695 3102 1907 3175 ipsum
1940 3105 2097 3158 tunc
2131 3101 2196 3157 in
2222 3100 2450 3159 Asiam

357 3207 681 3284 proficisci
751 3206 1055 3276 noluisse,
1127 3207 1283 3281 quia
1350 3205 1617 3278 Gainae,
1690 3207 1969 3265 militum
2027 3204 2448 3266 Gothicorum

357 3467 511 3519 xerit.
588 3466 644 3516 Si
681 3478 809 3515 vero
848 3477 943 3515 sex
982 3463 1171 3515 diebus
1209 3472 1330 3528 post
1368 3463 1748 3516 salutationem
1788 3463 1990 3516 factam
2029 3465 2267 3530 episcopi
2309 3465 2445 3518 Con-

355 3556 701 3619 stantinopoli
749 3557 974 3619 profecti
1020 3563 1163 3617 sunt,
1220 3556 1321 3605 hoc
1368 3558 1537 3607 multo
1591 3560 1750 3607 etiam
1792 3559 1967 3608 minus
2005 3574 2145 3608 anno
2184 3556 2283 3608 401
2327 3560 2446 3611 fieri

356 3647 593 3713 potuisse
631 3647 684 3696 in
724 3646 1010 3710 propatulo
1049 3653 1146 3696 est.
