2581 4081
1038 547 1243 617 Fasti
1293 545 1812 630 Porphyriani.

556 750 613 793 c.
663 750 724 792 a.
770 726 898 792 347
947 729 1350 805 Porphyrius
1390 728 1773 803 parentibus
1818 726 2150 786 nobilibus
2196 733 2262 786 et
2311 727 2478 786 divi·

378 843 556 903 tibus
614 835 702 916 (4,
733 832 815 897 13
840 833 920 913 s.)
986 836 1281 895 nascitur
1327 833 1830 893 Thessalonicae
1848 828 1897 908 ¹)
1962 836 2028 891 et
2091 833 2246 892 fidei
2294 832 2477 892 Chri-

379 949 629 1009 stianae
677 944 1011 1005 addicitur
1055 936 1118 1013 4,
1159 935 1243 1000 10
1266 956 1318 1000 s.
1367 936 1643 1014 πατρίδα
1693 936 1808 1013 μὲν
1861 933 2052 1014 ἔσχεν
2108 936 2225 1013 τὴν
2284 934 2477 998 ἐπου-

380 1050 605 1129 ράνιον
650 1043 1067 1125 Ἰερουσαλήμ
1115 1042 1230 1123 (εἰς
1277 1041 1518 1120 ταύτην
1561 1042 1683 1121 γὰρ
1731 1042 1833 1105 καὶ
1878 1039 2333 1123 ἀπεγράψατο)
2461 1042 2466 1053 ‘

558 1153 689 1219 363
736 1160 798 1218 d.
843 1158 1084 1218 XXIII
1103 1176 1190 1216 m.
1217 1159 1490 1235 Auqusti
1525 1157 1884 1217 Gratianus
1916 1157 2239 1234 Auyustus
2271 1156 2478 1215 decla-

381 1272 569 1326 ratur

562 1389 620 1433 c.
668 1387 727 1431 a.
776 1364 907 1432 372
953 1370 1359 1445 Porphyrius
1407 1370 1621 1445 patria
1667 1370 1897 1428 relicta
1944 1369 2009 1428 in
2046 1368 2289 1429 Scetim
2303 1365 2357 1446 ²)
2410 1385 2479 1428 se

385 1477 641 1539 confert
697 1483 764 1536 et
828 1478 1055 1553 paucis
1122 1476 1358 1537 diebus
1424 1482 1570 1551 post
1631 1476 1992 1536 monachus
2038 1471 2173 1550 fit3)
2219 1473 2284 1553 4,
2315 1472 2402 1535 12
2430 1492 2478 1535 s.

383 1580 446 1656 6,
477 1578 737 1645 11—16

563 1685 695 1752 375
742 1693 806 1754 d.
854 1692 1052 1751 XVII
1093 1709 1178 1749 m.
1212 1692 1583 1751 Novembris
1608 1691 2059 1750 Valentiniano
2080 1694 2273 1768 patre
2316 1709 2480 1750 mor-

387 1805 495 1859 tuo
547 1799 907 1861 Gratianus
948 1799 1019 1873 fit
1063 1798 1413 1875 imperator

566 1920 621 1964 c.
672 1922 731 1963 a.
779 1898 906 1964 377
955 1902 1360 1979 Porphyrius
1406 1903 1695 1978 quinque
1744 1903 1952 1972 annis,
2019 1909 2364 1978 postquam
2414 1905 2481 1963 in

388 2012 630 2073 Scetim
677 2010 998 2087 pervenit,
1063 2009 1520 2083 Hierosolyma
1577 2009 2011 2085 proficiscitur
2066 2015 2131 2069 et
2177 2011 2340 2070 locis
2390 2027 2484 2071 sa-

389 2120 520 2179 cris
568 2118 848 2177 visitatis
913 2115 1000 2175 ad
1045 2116 1346 2175 Iordanis
1410 2116 1621 2190 ripam
1686 2133 1755 2175 se
1822 2117 2077 2176 confert
2141 2116 2368 2191 ibique
2416 2119 2482 2176 in

388 2240 591 2301 speon
636 2239 754 2299 per
799 2223 1086 2297 quinque
1134 2237 1338 2280 annos
1386 2222 1639 2280 habitat
1683 2216 2037 2293 4,18-23

536 2383 590 2451 1)
629 2385 958 2449 Porphyrius
1014 2401 1062 2434 a.
1120 2378 1229 2434 420
1284 2380 1486 2448 (82,10
1541 2385 1607 2434 cf.
1657 2400 1823 2449 supra
1857 2369 1925 2449 p.
1972 2382 2029 2450 8)
2075 2402 2251 2450 paene
2289 2389 2486 2456 viginti

394 2478 635 2542 quinque
674 2490 844 2524 annos
880 2474 1196 2536 episcopatu
1234 2472 1455 2523 functus
1493 2478 1736 2524 mortuus
1774 2479 1872 2524 est.
1957 2475 2091 2525 Tres
2129 2490 2299 2526 annos
2337 2493 2487 2540 pres·

395 2568 553 2631 byter
607 2569 727 2615 erat
775 2560 859 2625 11,
883 2559 917 2611 6
963 2568 1019 2612 et
1064 2577 1234 2612 annos
1279 2563 1396 2613 fere
1442 2562 1809 2629 quadraginta
1855 2564 2098 2630 quinque
2144 2561 2280 2628 11,5
2318 2573 2486 2617 natus

396 2655 680 2721 presbyter
734 2653 914 2702 factus
969 2656 1069 2702 est.
1143 2651 1353 2701 Vitiosa
1407 2656 1490 2702 est
1545 2653 1721 2703 versio
1760 2652 2016 2705 Gentiani
2054 2654 2283 2705 Herveti
2338 2655 2377 2705 l.
2438 2671 2483 2705 c.

395 2760 448 2810 p.
484 2737 590 2793 652
611 2733 657 2791 s:
715 2738 875 2790 ‘Erat
911 2756 1040 2791 vero
1078 2739 1128 2788 b.
1168 2738 1519 2803 Porphyrius,
1568 2741 1786 2805 quando
1824 2743 2036 2809 accepit
2073 2743 2486 2807 ordinationem,

396 2830 607 2882 circiter
653 2828 1017 2895 quadraginta
1064 2842 1233 2878 annos
1282 2825 1482 2878 natus?
1555 2829 1677 2890 Qua
1726 2830 1944 2894 decepti
1979 2830 2272 2882 Tillemont
2319 2831 2486 2892 (Hist.

395 2918 530 2971 eccl.
566 2918 614 2967 X
663 2934 716 2980 p.
762 2912 890 2979 850)
929 2922 985 2966 et
1021 2916 1103 2966 Le
1143 2917 1330 2984 Quienl
1370 2911 1587 2979 (Oriens
1624 2917 1817 2968 Christ.
1855 2920 1939 2969 III
1977 2936 2029 2983 p.
2067 2916 2196 2984 611)
2244 2918 2489 2987 Porphy-

396 3009 533 3059 rium
574 3021 716 3055 anno
754 3005 972 3055 demum
1009 3000 1116 3054 352
1153 3003 1244 3055 vel
1280 3000 1387 3055 353
1430 3010 1621 3055 natum
1659 3005 1885 3059 faciunt.

577 3090 631 3154 2)
670 3094 754 3144 De
781 3094 926 3144 Sceti
963 3089 1051 3142 ‘in
1089 3108 1269 3144 eremo
1313 3090 1649 3143 vastissima'
1684 3095 1923 3162 Aegypti
1959 3097 2064 3147 sita
2101 3101 2269 3163 atque
2308 3113 2343 3147 a
2382 3116 2488 3150 mo·

397 3183 586 3236 nachis
622 3183 973 3246 frequentata
1011 3187 1229 3248 praeter
1266 3180 1503 3231 Palladii
1539 3182 1815 3234 historiam
1840 3185 2185 3248 Lausiacam,
2222 3202 2335 3253 qua
2373 3204 2490 3241 sae·

399 3274 616 3337 pissime
662 3276 1127 3333 commemoratur,
1183 3270 1495 3320 conferatur
1530 3270 1715 3321 Rufini
1753 3271 1975 3324 historia
2011 3275 2394 3327 monachorum
2435 3280 2489 3329 11

400 3356 469 3410 29
507 3360 659 3410 PLM
697 3360 830 3409 XXI
867 3376 919 3423 p.
956 3353 1094 3409 4530
1123 3357 1196 3418 (v.
1235 3358 1349 3408 AA.
1389 3357 1481 3409 SS.
1520 3359 1638 3409 Ian.
1676 3361 1706 3409 1
1742 3376 1793 3427 p.
1831 3357 1993 3424 880).

542 3444 598 3509 3)
638 3448 919 3498 Fratribus
958 3448 1100 3499 enim
1134 3445 1424 3497 admodum
1476 3447 1660 3510 pueris
1696 3447 1813 3513 ipse
1851 3450 1959 3501 iam
1996 3452 2218 3504 adultus
2255 3458 2490 3518 patriam

400 3537 635 3603 reliquit.
707 3538 905 3604 Itaque
944 3541 1076 3586 tunc
1113 3535 1237 3598 plus
1273 3537 1452 3586 minus
1489 3536 1682 3602 viginti
1719 3538 1963 3604 quinque
2001 3556 2171 3592 annos
2207 3549 2374 3596 natus
2411 3547 2492 3597 fu·

369 3629 506 3683 ’isse
547 3625 821 3691 putandus
858 3633 958 3677 est.
