2581 4081
1123 233 1192 290 51

115 416 292 492 apud
323 416 618 475 Marcum
665 415 945 490 quidem.
964 422 1038 475 ut
1083 422 1413 478 structura
1452 417 1784 492 antiquior
1830 419 2210 494 saepissime

117 528 334 583 exstat
380 518 489 596 (cf.
515 521 650 583 ind.
683 523 868 581 verb.
904 539 954 581 s.
981 539 1043 581 v.
1082 519 1521 599 προσκυνεῖν),
1570 524 1663 582 ita
1701 525 1963 584 dativus
2011 526 2211 584 semel

115 629 454 689 invenitur
498 644 562 703 p.
602 623 713 698 42,
740 621 821 686 16
868 624 971 686 καὶ
1020 623 1469 702 προσεκύνουν
1511 629 1605 709 τῷ
1654 628 1904 704 βασιλεῖ
1921 626 1991 705 ¹).
2086 629 2211 707 Qui

114 752 272 796 usus
320 736 390 793 in
437 735 577 795 dies
625 735 823 794 latius
869 736 1138 810 patebat
1185 741 1384 811 atque
1441 737 1607 796 adeo
1655 737 1905 796 factum
1950 743 2069 813 est,
2140 743 2213 800 ut

116 844 183 901 in
230 857 364 901 uno
429 840 791 914 eodemque
856 841 1194 901 enuntiato
1261 848 1328 900 et
1374 842 1638 903 dativus
1685 849 1749 902 et
1796 844 2213 906 accusativus

115 947 421 1007 adhiberi
484 947 789 1021 potuerit.
883 946 979 1008 Of.
1028 949 1172 1006 Act.
1233 946 1553 1022 Quadrati
1619 948 1834 1008 Anall.
1882 950 2023 1009 Boll
2070 949 2102 1008 Ι
2146 967 2212 1025 p.

113 1048 269 1131 466,
297 1047 338 1113 6
365 1067 433 1115 S.‘
474 1046 603 1123 ἑγὼ
671 1052 1021 1126 προσκυνῶ
1073 1054 1167 1133 τῷ
1222 1046 1508 1134 ἀληθινῷ
1563 1054 1691 1135 θεῷ
1739 1052 1841 1114 καὶ
1887 1055 1980 1136 τῷ
2027 1071 2214 1130 μογο-

112 1157 292 1233 γενεῖ
340 1153 538 1219 αὐτοῦ
587 1153 706 1239 υἱῷ
765 1152 973 1232 Ἰησοῦ
1044 1154 1301 1239 Χριστῷ
1372 1155 1474 1218 καὶ
1544 1157 1622 1219 τὸ
1692 1154 1878 1233 ἅγιον
1947 1161 2213 1237 πνεῦμα.

113 1264 372 1340 νεκροῖς
421 1262 493 1324 δὲ
539 1259 832 1338 εἰδώλοις
880 1260 959 1324 οὐ
1007 1264 1379 1342 προσκυνῶ,
1428 1263 1738 1341 δαίμονας
1785 1261 1999 1341 ὄντας.

297 1373 645 1433 Praeterea
676 1373 978 1432 similiter
1007 1379 1204 1447 atque
1243 1367 1526 1433 κελεύειν
1574 1381 1638 1433 et
1685 1368 1987 1447 εὔχεσθαι
2015 1377 2214 1435 etiam

114 1474 370 1539 αἰτεῖν
417 1495 567 1539 cum
624 1480 850 1538 dativo
900 1479 1172 1539 struitur
1219 1497 1281 1555 p.
1331 1475 1440 1551 24,
1466 1475 1553 1540 22
1614 1475 1884 1554 αἰτήσας
1934 1475 2109 1561 αὐτῷ
2152 1490 2217 1541 et

113 1604 182 1663 p.
232 1579 341 1655 36,
363 1580 450 1644 20
495 1581 628 1664 ᾔτει
678 1581 749 1643 δὲ
795 1579 971 1664 αὐτῷ
1014 1602 1226 1660 neque
1261 1587 1396 1675 ullo
1443 1587 1586 1646 iure
1636 1587 1963 1662 Hauptius
2009 1589 2215 1647 altero

113 1695 265 1752 loco
336 1693 784 1751 accusativum
854 1692 1160 1751 restituit.
1265 1691 1363 1751 Cf.
1425 1695 1598 1755 enim
1658 1695 1985 1769 Apophth.
2044 1701 2213 1770 patr.

114 1818 186 1876 p.
216 1793 384 1858 160²
437 1794 539 1859 καὶ
585 1792 644 1858 εἴ
686 1813 746 1856 τι
793 1792 956 1857 αἰτεῖ
1000 1798 1093 1878 τῷ
1128 1798 1276 1877 θεῷ,
1315 1792 1753 1859 ἀποκαλύπτει
1801 1794 1993 1880 αὐτῷ.
2068 1803 2212 1862 Act.

115 1905 486 1980 Christoph.
545 1905 761 1964 Anall.
810 1905 973 1964 Boll.
1021 1905 1054 1964 I
1123 1922 1185 1980 p.
1240 1900 1389 1977 146,
1432 1903 1505 1964 11
1564 1900 1858 1980 αἰτοῦμαί
1927 1915 2034 1965 σοι
2081 1952 2095 1965 .
2142 1899 2157 1965 .’
2203 1951 2217 1965 .

119 2008 453 2089 βοήθησον
498 2009 600 2072 καὶ
631 2010 772 2085 τοῖς
824 2006 1254 2086 Χριστιανοῖς.

300 2119 388 2180 Ut
436 2120 536 2178 bis
605 2113 824 2196 αἰτεῖν,
896 2121 991 2178 ita
1054 2130 1320 2195 praeter
1386 2122 1837 2181 accusativum
1910 2118 2216 2180 δεῖσθαι

114 2228 323 2289 semel
356 2226 653 2285 dativum
668 2222 718 2301 ²³)
768 2226 951 2301 apud
977 2226 1271 2286 Marcum
1320 2227 1519 2285 habet
1550 2243 1614 2301 p.
1647 2221 1754 2293 27,
1789 2222 1862 2285 11
1916 2225 2218 2300 δεηθῆναι

111 2334 213 2414 τῷ
263 2327 537 2412 Χριστῷ.
631 2333 879 2391 Eadem
911 2339 1243 2393 structura
1275 2334 1610 2393 invenitur
1658 2333 1837 2408 apud
1868 2333 2215 2409 Nicephor.

113 2459 187 2502 v.
242 2441 541 2500 Andreae
596 2438 729 2499 Sali
791 2440 927 2499 AA.
977 2439 1083 2500 SS.
1142 2440 1272 2499 Mai
1320 2439 1412 2499 VI
1458 2456 1521 2515 p.
1572 2434 1754 2498 86²⁸*
1829 2432 2005 2510 κάγὼ
2073 2436 2218 2512 περὶ

114 2542 357 2628 τούτου
404 2547 496 2626 τῷ
555 2540 838 2625 δεσπότῃ
895 2540 998 2604 καὶ
1052 2545 1179 2625 θεῷ
1236 2540 1652 2621 δεηθήσομαι,
1733 2563 1796 2622 p.
1846 2539 2026 2605 86*b
2074 2542 2219 2618 περὶ
2259 2539 2262 2542 ’

116 2647 204 2715 οὗ
251 2647 516 2727 ἑδεήθης
564 2667 687 2727 μοι.
782 2653 936 2714 Vita
983 2650 1220 2729 Georg.
1270 2652 1461 2715 Choz.
1512 2654 1725 2712 Anall.
1773 2653 1934 2711 Boll.
1983 2652 2107 2712 VII
2152 2670 2217 2728 p.

124 2756 278 2831 100,
310 2755 390 2819 13
456 2755 711 2833 δεήθητι
774 2752 937 2833 ὑπὲρ
1002 2753 1158 2833 ἐμοῦ
1223 2758 1316 2838 τῷ
1381 2753 1596 2838 κυρίῳ.
1690 2758 1844 2819 Vita
1888 2760 2219 2819 Eudociae

119 2886 182 2931 c.
233 2862 321 2926 34
387 2861 525 2926 AA.
574 2866 681 2928 SS.
747 2868 935 2926 Mart.
1006 2867 1038 2926 I
1083 2858 1168 2941 p.
1219 2861 1350 2926 875
1421 2864 1725 2939 δεηθεῖσα
1795 2860 1899 2924 ἐπὶ
1968 2861 2219 2939 πολλὴν

6 3057 9 3060 ¹
120 2970 306 3049 ὥραν
350 2974 443 3053 τῷ
489 2969 710 3053 Κυρίῳ.

308 3082 426 3142 His
474 3082 730 3140 accedit
760 3082 1038 3141 verbum
1071 3075 1108 3139 ὑ
1124 3097 1172 3139 π
1186 3074 1349 3140 εισέ
1362 3095 1493 3154 ρχε
1508 3081 1688 3140 σθαι
1736 3097 1776 3139 a
1807 3081 2028 3140 Marco
2060 3096 2223 3142 sem·

311 3353 367 3421 1)
406 3357 486 3408 cf.
526 3356 749 3409 Lobeck
787 3358 857 3409 ad
884 3356 1090 3424 Phryn.
1127 3374 1179 3423 p.
1206 3354 1330 3408 463.
1406 3357 1553 3409 Guil.
1581 3355 1824 3409 Schmidt
1859 3356 1895 3407 1.
1937 3374 1983 3408 c.
2022 3373 2074 3421 p.
2097 3353 2220 3408 384.

123 3448 505 3510 Compernass‚
542 3448 628 3498 De
663 3463 908 3499 sermone
946 3462 1143 3515 graeco
1183 3447 1326 3514 τοίς.
1365 3448 1537 3497 Bonn.
1578 3443 1717 3498 1895
1754 3463 1805 3509 p.
1848 3443 1933 3497 19.

308 3533 365 3596 2)
403 3535 539 3587 Gum
576 3538 829 3603 genetivo
866 3538 1095 3588 verbum
1133 3534 1347 3586 δεῖσθαι
1384 3551 1417 3587 a
1449 3537 1632 3587 Marco
1671 3549 2060 3599 saepenumero
2098 3549 2223 3594 cou-

127 3626 390 3696 iungitur.
