2581 4081
1148 220 1217 277 41

130 406 362 466 lectivi
408 405 623 466 minus
670 405 930 466 mobilis
955 400 1005 480 ¹)
1053 407 1261 466 instar
1308 413 1505 481 atquc
1551 400 1590 481 ἡ
1630 398 1949 479 λιτάνειος
1997 407 2227 467 eodem

130 519 331 578 modo
381 517 628 578 dictum
684 534 848 594 esse,
907 534 1034 593 quo
1081 512 1121 592 ἣ
1169 511 1405 593 εὐθεῖα,
1472 511 1512 591 ἡ
1558 514 1848 594 πλατεῖα,
1914 512 1954 592 ἡ
2003 513 2228 581 σύντο-

132 641 279 701 μος.
371 627 570 686 Recte
634 642 793 687 vero
869 643 986 687 nos
1051 628 1379 687 iudicasse
1439 629 1705 706 egregie
1766 627 2229 703 comprobatur

128 734 346 794 titulis
394 734 786 808 quibusdam
833 734 901 793 in
934 734 1130 810 Syria
1175 735 1473 811 repertiS‚
1520 736 1590 794 in
1638 736 1876 810 quibus
1923 735 2025 794 bis
2073 735 2228 811 legi-

128 848 242 901 tur
288 835 329 915 ἡ
377 834 644 913 πλάτιος
695 856 811 917 pro
859 835 898 913 ἡ
947 838 1238 919 πλατεῖα,
1298 848 1363 901 et
1411 843 1611 902 semel
1656 837 1696 916 ἡ
1743 837 2050 917 ἑπάρχιος
2110 857 2227 917 pro

128 942 167 1021 ἡ
220 942 510 1022 ἐπαρχία.
602 947 697 1009 Cf.
747 948 837 1008 Le
870 948 995 1008 Bas
1043 954 1108 1008 et
1152 948 1600 1026 Waddington
1648 951 1690 1009 l.
1740 967 1796 1010 c.
1845 968 1907 1009 n.
1945 942 2119 1008 2035
2168 965 2227 1006 a.

128 1049 266 1113 343
316 1048 659 1128 ἐκοσμήθη
696 1049 735 1127 ἡ
782 1047 1050 1127 πλάτιος
1097 1049 1376 1128 ἱερατικὴ
1424 1056 1499 1134 τῇ
1555 1050 1749 1134 ἱ(ε)ρᾷ
1790 1051 1993 1135 ἡμέρᾳ
2050 1049 2229 1131 ἔτ(ε)ι

130 1142 285 1236 oli—n.
381 1181 445 1222 n.
493 1156 670 1222 2034
754 1158 1073 1238 (eiusdem
1139 1165 1280 1222 fere
1348 1161 1607 1238 aetatis)
1686 1161 1787 1224 καὶ
1852 1160 1892 1239 ἢ
1957 1158 2227 1237 πλάτιος

129 1263 417 1343 ἱερατικὴ
465 1262 851 1343 οἰκοδομήθη
911 1266 1014 1329 καὶ
1072 1264 1330 1343 ἐκτίσθη
1392 1264 1491 1328 ἐπ’
1542 1265 1764 1349 ἀγαθῷ
1810 1267 1999 1345 πόλις
2051 1267 2116 1346 (i.
2168 1290 2225 1334 e.

128 1371 443 1450 πόλεως).
536 1394 599 1435 ιι.
651 1371 824 1436 2238
886 1395 945 1436 a.
994 1371 1201 1455 32213
1250 1373 1438 1452 ἔτους
1481 1358 1602 1441 -οἶζ
1649 1378 1762 1452 τῆς
1812 1375 2136 1453 ἑπαρχίου.

315 1483 794 1560 Lexicographi
852 1486 1059 1544 nostri
1119 1486 1357 1546 docent
1415 1502 1649 1546 vocem
1707 1482 2226 1561 περιβόλαιον

127 1591 510 1668 significare
575 1586 953 1662 ‘amictum’,
1019 1588 1332 1668 ‘saepem’
1402 1594 1539 1652 sive
1591 1589 1938 1668 ‘saeptum’
1989 1610 2226 1670 graece

128 1699 271 1757 dici
317 1692 663 1772 περίβολον
710 1698 850 1757 sive
897 1695 1287 1773 περιβόλιον.
1381 1700 1611 1775 Itaque
1654 1699 1940 1759 Dindorf
1981 1700 2050 1759 in
2099 1700 2230 1760 Ste-

127 1805 337 1880 phani
378 1805 682 1864 thesauro
715 1805 817 1866 Du
851 1805 1169 1883 Gangium
1202 1814 1467 1868 secutus
1498 1808 1563 1866 in
1601 1808 1902 1867 Achmeti
1935 1805 2226 1867 Onirocr.

126 1929 187 1972 c.
258 1904 379 1970 151
457 1906 585 1985 (ed.
646 1912 789 1970 Nic.
847 1913 1170 1989 Rigaltius
1235 1930 1299 1988 p.
1351 1907 1504 1990 122)
1576 1908 1692 1973 ἐὰν
1759 1907 1864 1994 ’ίδῃ
1930 1929 2058 1991 τις,
2130 1907 2229 1972 ὅτι

128 2013 432 2094 εἰσῆλθεν
479 2012 551 2079 ἐν
598 2014 986 2098 περιβολαίῳ
1035 2014 1240 2094 κήπου
1292 2022 1715 2082 scribendum
1764 2023 2018 2083 censuit
2064 2037 2229 2096 περι-

130 2122 355 2205 βολίῳ.
449 2126 535 2185 At
581 2145 664 2185 nc
714 2129 836 2186 hoc
876 2128 1145 2201 quidem
1176 2129 1321 2187 loco
1352 2129 1490 2188 ulla
1522 2146 1686 2204 opus
1719 2138 1817 2189 est
1847 2131 2228 2206 mutatione,

126 2250 288 2293 nam
335 2234 950 2312 lexicographorum
999 2236 1229 2314 regula
1275 2236 1601 2296 refellitur
1646 2237 1835 2296 titulo
1882 2255 1922 2296 a
1967 2237 2056 2296 Le
2104 2237 2230 2296 Bas

127 2348 197 2401 et
222 2340 672 2418 Waddington
721 2342 896 2400 edito
943 2343 986 2401 l.
1028 2359 1083 2401 c.
1134 2360 1197 2404 n.
1233 2338 1410 2402 2394
1442 2362 1500 2403 a.
1533 2338 1668 2403 320
1714 2339 1879 2417 Διὸς
1926 2336 2228 2416 ἀνικήτου

84 2441 357 2508 ·Ἡλίου
405 2446 556 2507 θεοῦ
607 2441 822 2522 Αὔμου
865 2442 1122 2521 ἐκτίσθη
1179 2444 1254 2507 τὸ
1311 2445 1692 2525 περιβόλεον
1758 2448 1825 2526 (i.
1875 2467 1930 2512 e.
1979 2444 2230 2524 περιβό-

131 2552 348 2629 λαιον)
401 2554 515 2628 τῆς
583 2549 784 2628 αὐλῆς
846 2550 951 2613 διὰ
1014 2550 1300 2614 Κασσίου
1358 2552 1734 2631 Μαλιχάθου
1802 2553 1913 2631 (cf.
1964 2558 2006 2615 l.
2057 2573 2113 2618 c.
2163 2575 2226 2619 n.

128 2654 361 2735 2080).
420 2661 595 2720 Duos
621 2662 783 2720 alios
808 2662 985 2720 locos
1010 2661 1170 2721 mihi
1194 2663 1642 2737 suppeditavit
1665 2663 2093 2730 Brinkmann.
2153 2664 2225 2723 In

127 2768 518 2843 apocalypsi
552 2768 842 2827 Danielis
892 2764 991 2841 (E.
1035 2768 1530 2828 Klostermann:
1580 2770 1899 2830 Analecta
1930 2788 2045 2831 zur
2077 2772 2221 2846 Sep·
2312 2794 2320 2800 ·

126 2873 456 2949 tuaginto„
490 2874 795 2949 Hexapla
836 2874 975 2933 und
1005 2874 1319 2933 Patristik
1355 2868 1551 2949 1895)
1600 2892 1662 2951 p.
1693 2869 1842 2952 115,
1875 2870 1917 2934 9
1966 2870 2228 2934 κάτελθε

127 2975 237 3039 ἐπὶ
285 2974 365 3038 τὰ
429 2974 807 3055 περιβόλαια
872 2976 975 3038 καὶ
1022 2975 1137 3053 τὰς
1211 2975 1455 3054 νήσους
1523 2979 1626 3041 καὶ
1683 2977 2057 3057 σφράγισον
2124 2997 2228 3054 μοι

126 3086 300 3162 αρμδ
347 3080 659 3161 χιλιάδας.
754 3088 938 3147 Philo
972 3088 1247 3163 Byblius
1297 3090 1471 3163 apud
1505 3092 1741 3152 Euscb.
1794 3107 2018 3166 praep.
2068 3106 2169 3151 ev,
2197 3089 2228 3148 I

132 3191 241 3270 10,
297 3188 377 3253 13
437 3212 498 3270 p.
550 3185 670 3253 35d
724 3189 1091 3267 ἐπενόησαν
1156 3190 1228 3252 δὲ
1295 3187 1473 3253 οὗτοι
1539 3190 1743 3269 αὐλὰς
1811 3190 2228 3269 προστιθέναι

126 3300 272 3374 τοῖς
321 3294 523 3374 οἴκοις
566 3297 667 3361 καὶ
715 3295 1093 3375 περιβόλαια
1140 3297 1243 3359 καὶ
1293 3297 1598 3374 σπήλαια.

313 3523 368 3588 1)
407 3527 474 3577 cf.
512 3527 576 3577 L.
614 3526 1016 3579 Radermacher
1052 3525 1156 3577 Rh.
1188 3526 1330 3577 Mus.
1369 3531 1407 3576 t.
1446 3522 1524 3576 LI
1560 3544 1613 3593 p.
1651 3522 1756 3578 314
1775 3544 1817 3579 s.
