2581 4081
1169 203 1240 259 55

139 394 255 446 est
301 381 340 460 ἡ
389 384 501 445 τοῦ
537 384 687 446 θεοῦ
722 381 1052 460 οἰκονομία
1100 387 1232 445 diei
1267 387 1554 462 potuisse
1587 388 1781 446 facile
1815 386 2250 463 cognoscitur.

135 494 562 554 Documento
611 502 762 554 sunt
821 496 1129 571 exempla
1175 496 1366 554 haee:
1416 496 1688 555 ’Pallad.
1736 512 1798 571 p.
1853 487 2068 554 1220b
2116 494 2249 554 κατ’

136 593 523 672 οἰκονομίαν
571 597 643 659 δὲ
677 594 912 659 τούτου
945 595 1298 674 παριόντος
1347 594 1385 659 ὁ
1422 595 1525 660 ἐπὶ
1560 600 1675 674 τῆς
1709 596 1964 675 εἰρήνης
2000 597 2253 673 ἐπέγνω

135 702 269 764 τὸν
293 701 584 783 γέροντα,
633 724 696 782 p.
719 701 934 765 1092ει
965 701 1217 767 τούτων
1253 700 1465 780 οὕτως
1501 702 1608 766 ὑπ’
1644 703 1843 786 αὐτοῦ
1879 706 2253 782 διαπραττο-

138 807 368 885 μένων
413 807 679 884 γέγονεν
726 807 901 894 αὐτῷ
957 808 1116 873 κατά
1180 829 1323 873 τινα
1380 809 1749 887 οἰκονομίαν
1806 809 2044 888 ἄνθραξ
2096 809 2254 872 κατὰ

134 918 267 992 τῆς
318 912 623 992 βαλάνου.
672 920 999 995 Apophth.
1050 929 1312 996 patrum
1361 939 1424 997 p.
1479 911 1652 980 169⁶
1700 913 1834 979 κατ’
1884 916 2254 995 οἰκονομίαν

135 1022 220 1084 δὲ
290 1020 532 1096 γίνεται
599 1021 854 1100 γνόφος
923 1023 1025 1086 καὶ
1093 1022 1528 1100 πλανηθέντες
1600 1022 2019 1101 ὑπέστρεψαν
2089 1023 2252 1100 πρὸς

134 1129 267 1192 τὸν
312 1128 627 1206 γέροντα.>
702 1134 1005 1193 Moschus
1038 1133 1212 1193 PGM
1258 1133 1634 1194 LXXXVII
1668 1129 1709 1192 3
1758 1151 1822 1210 p.
1848 1127 2071 1193 3088a
2116 1127 2252 1191 κατ’

135 1234 521 1312 οἰκονομίαν
593 1236 663 1298 δὲ
716 1235 1082 1315 παρέβαλεν
1142 1234 1317 1320 αὐτῷ
1374 1254 1471 1312 τις
1540 1233 1851 1314 ἀδελφός,
1921 1257 1985 1314 p.
2034 1233 2256 1298 3093ει

136 1341 391 1418 συνέβη
442 1342 512 1404 δὲ
556 1341 755 1405 αὐτὸν
799 1348 933 1405 κατ’
1006 1340 1377 1419 οἰκονομίαν
1443 1339 1774 1418 ἀγαπῆσαι
1841 1338 2042 1404 παῖδά
2095 1359 2253 1403 τινα.

139 1453 333 1527 Quae
382 1469 530 1511 eum
578 1454 673 1512 ita
719 1454 849 1529 sint
896 1453 1118 1512 neseio
1167 1469 1249 1512 an
1300 1453 1580 1512 eundem
1627 1453 1695 1511 in
1741 1452 2009 1510 modum
2056 1452 2251 1510 inter-

136 1561 473 1633 pretanda
506 1560 635 1618 sint
675 1562 882 1619 verba
913 1577 978 1635 p.
1011 1554 1119 1636 38,
1150 1554 1233 1617 10
1271 1539 1383 1617 ἵνα
1420 1552 1608 1632 μετὰ
1653 1553 2251 1632 φιλανθρωπίας

135 1659 310 1723 τέκω
356 1660 470 1739 (ef.
519 1682 583 1740 p.
632 1658 740 1742 35,
771 1660 902 1741 19),
973 1672 1046 1725 ut
1108 1666 1285 1725 idem
1345 1666 1609 1724 valeant
1665 1666 1842 1739 quod
1899 1659 2053 1739 μετὰ
2100 1661 2251 1722 θεοῦ

136 1765 662 1845 φιλανθρωπίας.
742 1772 909 1830 Nam
953 1765 1407 1845 φιλανθρωπία
1455 1771 1630 1846 apud
1676 1771 1968 1830 Marcum
2016 1771 2251 1831 ceteris

139 1893 407 1952 quoque
454 1878 617 1936 loeis
664 1878 750 1936 ad
784 1877 978 1937 deum
1028 1883 1282 1952 spectat
1315 1877 1404 1936 ef.
1454 1872 1516 1946 7,
1546 1870 1646 1936 18.
1697 1870 1805 1947 20,
1831 1870 1895 1934 2.
1943 1871 2118 1946 21,2
2165 1877 2247 1934 al.

326 1984 600 2059 Saepius
647 2000 825 2055 vere,
875 2000 1072 2059 quam
1122 1984 1214 2043 ita
1263 1984 1831 2058 breviloquentem
1877 1983 2251 2042 invenimus

139 2093 463 2161 Marcum,
514 2092 1045 2151 animadvertere
1091 2093 1249 2151 lieet
1309 2092 1612 2166 pluribus
1662 2107 1810 2150 eum
1859 2090 2084 2150 verbis
2131 2091 2251 2160 uti,

139 2214 343 2272 quam
417 2214 523 2256 res
611 2199 756 2273 ipsa
846 2199 1183 2272 postulare
1264 2197 1590 2256 videatur.
1710 2197 1910 2270 Velut
1979 2191 2086 2265 26,
2168 2190 2246 2255 17

139 2299 391 2363 πλείων
438 2301 508 2363 δὲ
555 2298 595 2377 ἡ
644 2299 938 2377 ἐπίδοσις
987 2302 1119 2364 τῶν
1165 2298 1391 2363 πόνων
1439 2297 1686 2375 ἐγίνετο
1748 2311 1813 2362 et
1863 2297 1965 2372 74,
2019 2296 2102 2360 19
2147 2298 2250 2360 καὶ

141 2404 486 2484 μεγαλύνει
535 2406 738 2469 πλέον
788 2407 905 2470 τὸν
937 2403 1118 2470 οἶκον
1164 2408 1400 2469 τοῦτον
1447 2416 1512 2469 et
1536 2404 1599 2481 4,
1648 2403 1689 2467 3
1739 2402 1924 2467 ἔνθεν
1972 2404 2043 2466 δὲ
2089 2401 2250 2481 ἀρχή

141 2533 252 2591 μοι
285 2512 542 2591 γένηται
585 2514 701 2575 τοῦ
733 2515 848 2589 τῆς
898 2514 1257 2590 διηγήσεως
1306 2511 1520 2587 λόγου.
1612 2516 1850 2592 Νοοιιο
1888 2515 1961 2574 id
2011 2516 2249 2583 mirum

142 2625 359 2683 videri
408 2625 624 2684 debet.
717 2610 1111 2683 Senescente
1168 2624 1345 2682 enim
1415 2623 1647 2698 lingua
1702 2623 2056 2681 verborum
2112 2621 2247 2679 vim

142 2731 389 2788 sensim
448 2730 978 2805 pedetentimque
1034 2729 1313 2805 infringi
1380 2736 1445 2788 et
1512 2729 1846 2788 debilitari
1914 2734 2248 2796 consenta-

141 2852 342 2896 neum
397 2819 516 2895 est.
610 2836 756 2896 Hue
814 2836 1012 2896 etiam
1067 2836 1262 2905 redit,
1329 2836 1506 2910 quod
1566 2836 2017 2911 comparativo
2064 2850 2249 2909 prae-

142 2943 356 3018 posito
413 2937 609 3015 ὑπέρ
659 2942 918 3001 aceedit
987 2959 1049 3018 p.
1100 2935 1206 3013 38,
1262 2935 1342 3000 18
1409 2934 1818 3014 ἀπελαύομεν
1867 2937 1999 2998 τῶν
2047 2932 2249 3011 ἁγίων

142 3043 346 3108 αὐτοῦ
426 3043 641 3120 λόγων
706 3044 840 3108 τῶν
909 3042 1320 3121 γλυκυτέρων
1389 3040 1552 3121 ὑπὲρ
1623 3041 1762 3121 μέλι
1832 3042 1935 3105 καὶ
2004 3039 2247 3118 κηρίον.

144 3154 244 3216 Cf.
304 3156 443 3213 vita
510 3155 749 3214 Zosimi
815 3156 885 3213 in
968 3153 1326 3213 Aneedotis
1403 3153 2067 3230 graeco-byzantinis
2145 3152 2247 3210 ed.

145 3261 474 3322 Vassiliev
540 3261 571 3320 I
653 3254 881 3335 (1893)
953 3277 1017 3335 p.
1071 3253 1218 3330 173,
1269 3253 1309 3318 8
1381 3251 1557 3331 ὕδωρ
1627 3251 2018 3331 γλυκύτερον
2088 3252 2248 3331 ὑπὲρ

147 3362 302 3441 μέλι.
395 3366 659 3441 Quaest.
693 3366 1174 3424 Bartholomaei
1224 3364 1328 3423 ed.
1362 3364 1747 3424 Bonwetseh
1781 3360 2249 3439 (Nachriehten

148 3475 269 3533 der
313 3471 607 3549 Getting.
666 3470 822 3532 GeS.
887 3472 952 3530 d.
1001 3470 1194 3530 Wiss.
1272 3464 1470 3543 1897)
1536 3485 1600 3550 p.
1647 3464 1757 3547 22,
1818 3464 1864 3529 6
1924 3463 1978 3528 ὦ
2043 3463 2248 3543 μήτρα

146 3572 635 3651 εὐρυχορωτέρα
667 3571 827 3651 ὑπὲρ
863 3573 1083 3636 πᾶσαν
1123 3573 1241 3649 τὴν
1275 3570 1498 3635 κτίσιν.
1547 3576 1821 3652 Niceph.
1845 3593 1909 3635 V.
1933 3576 2239 3637 Andreae
