2581 4081
1189 236 1222 290 9

150 442 318 485 esse.
421 425 626 484 Addit
704 429 923 483 autem
1001 420 1461 499 Porphyrium,
1545 430 1892 499 postquam
1972 423 2248 481 alterum

150 535 332 594 diem
381 530 474 611 (d.
522 534 683 594 XIX
723 551 809 592 m.
849 529 1063 607 Mart.)
1111 531 1469 594 Caesareae
1515 539 1819 592 versatus
1866 536 2053 603 esset,
2105 549 2250 608 pro-

149 645 404 703 fectum
453 643 713 701 duobus
760 648 907 717 post
956 642 1190 700 diebus
1237 642 1279 699 i.
1332 659 1388 700 e.
1440 641 1547 699 die
1601 641 1908 700 Mercurii
1955 640 2117 699 XXI
2164 658 2248 699 m.

147 751 369 811 Martii
436 766 714 826 vespere
784 748 1028 809 Gazam
1096 749 1397 808 intrasse.
1503 748 1814 823 Sequitur
1883 749 2106 824 igitur,
2177 751 2251 806 ut

150 861 416 919 Marcus
484 857 745 916 initium
814 857 1230 931 episcopatus
1277 856 1626 932 Porphyrii
1673 873 1806 915 non
1853 873 1938 914 ex
1996 872 2073 914 eo
2121 856 2248 925 die,

151 983 284 1041 quo
333 964 693 1026 Caesareae
742 967 1021 1034 creatuS‚
1091 964 1206 1022 sed
1254 980 1386 1043 quo
1448 962 1691 1024 Gazam
1732 965 2084 1044 *ingressus
2132 967 2249 1032 est,

150 1072 558 1149 repetiverit.

335 1180 506 1238 Tum
540 1179 864 1239 Schuerer
907 1179 950 1236 1.
988 1194 1044 1236 c.
1079 1195 1143 1252 p.
1184 1171 1355 1236 1066
1405 1194 1455 1235 S.
1485 1214 1490 1218 -
1515 1181 1581 1236 et
1616 1171 1787 1236 1080
1835 1176 1885 1238 s.
1934 1177 2017 1235 de
2064 1176 2252 1235 fastis

153 1288 294 1366 agit
320 1285 728 1346 Gazaeorum
774 1300 932 1343 usus
966 1285 1221 1344 duobus
1253 1283 1734 1360 hemerologiis,
1785 1299 2064 1356 quorum
2096 1285 2252 1342 alte-

151 1409 300 1452 rum
379 1392 688 1469 Lugduni
744 1393 1144 1451 Batavorum
1215 1386 1328 1465 (cf.
1377 1390 1593 1449 Ideler
1661 1391 1704 1447 1.
1764 1406 1820 1448 c.
1879 1408 1941 1464 p.
1991 1385 2118 1448 411
2188 1394 2253 1449 et

151 1494 284 1559 438
321 1497 421 1574 s.)‚
472 1500 750 1557 alterum
800 1499 1172 1557 Florentiae
1221 1500 1602 1557 asservatur
1631 1491 1700 1569 1).
1795 1496 1921 1571 Qui
1970 1499 2250 1568 codiceS,

152 1608 314 1681 quia
359 1608 428 1665 in
477 1613 758 1680 utroque
804 1622 1062 1664 menses
1110 1597 1435 1663 Panemus
1492 1608 1557 1662 et
1603 1603 1775 1661 Lous
1831 1605 2054 1663 omissi
2102 1609 2254 1664 sunt

153 1715 242 1772 ad
313 1730 519 1772 unum
589 1711 1002 1786 eundemque
1071 1712 1352 1770 redeunt
1426 1711 1879 1787 archetypum.
1972 1713 2091 1770 His
2162 1730 2247 1771 ex

153 1820 620 1897 hemerologiis
691 1820 1113 1897 cognoscitur
1171 1818 1463 1879 Gazaeos
1520 1819 1780 1879 initium
1847 1819 2003 1878 anni
2034 1800 2038 1805 ⁹
2065 1836 2247 1894 repe-

153 1927 338 1987 tiisse
388 1945 426 1985 a
484 1927 592 1986 die
637 1927 925 1987 XXVIII
979 1944 1064 1986 m.
1116 1926 1419 1985 Octobris
1475 1930 1673 2001 atque
1728 1927 2050 1986 mensium
2107 1927 2249 2007 qui-

152 2035 307 2094 dem
355 2035 732 2095 nominibus
776 2034 1013 2094 iisdem
1060 2039 1256 2108 atque
1302 2034 1864 2111 Syromacedones
1910 2051 2081 2105 uSOS‚
2133 2035 2250 2094 sed

150 2144 221 2201 in
272 2141 712 2201 discribendis
771 2146 835 2199 et
882 2141 1357 2201 distribuendis
1420 2142 1573 2200 anni
1622 2144 1920 2218 partibus
1969 2142 2250 2201 Alexan-

154 2249 496 2308 drinorum
553 2264 801 2306 morem
863 2248 1120 2305 secutos
1169 2264 1330 2306 esse.
1425 2248 1656 2308 Annus
1711 2249 1915 2326 igitur
1970 2247 2251 2309 Gazaeo-

153 2371 302 2413 rum
361 2370 622 2432 quoque
681 2355 749 2411 in
805 2353 1155 2411 duodecim
1225 2371 1482 2413 menses
1537 2356 1934 2414 tricenorum
1993 2357 2250 2415 dierum

153 2464 412 2523 divisus
460 2466 620 2521 erat.
717 2461 968 2536 Quibus
1016 2464 1365 2536 quotannis
1412 2464 1596 2537 quini
1645 2465 2061 2523 accesserunt
2109 2463 2250 2521 dies

152 2572 585 2630 intercalares
657 2563 1129 2646 (ἐπαγόμεναι),
1212 2571 1442 2643 quinto
1513 2587 1776 2646 quoque
1846 2587 2017 2629 anno
2088 2571 2248 2629 seni.

151 2677 756 2751 Interponebantur
826 2681 1045 2734 autem
1123 2678 1485 2735 secundum
1566 2678 2012 2755 hemerologia
2079 2678 2251 2735 inter

152 2798 448 2842 mensem
498 2782 826 2840 decimum
884 2784 947 2839 et
994 2782 1419 2841 undecimum
1477 2784 1519 2841 i.
1578 2801 1634 2842 e.
1727 2784 1935 2843 Loum
1983 2786 2047 2842 et
2094 2782 2255 2842 Gor-

152 2890 442 2966 piaeum‚
501 2888 595 2946 ita
640 2893 713 2946 ut
762 2888 996 2946 diebus
1042 2887 1196 2947 inde
1253 2905 1293 2946 a
1354 2889 1458 2947 die
1505 2889 1726 2949 XXIV
1784 2907 1992 2965 usque
2051 2892 2137 2949 ad
2186 2889 2247 2947 d.

151 2994 445 3057 XXVIII
491 2994 734 3053 mensis
781 2993 1063 3070 Augusti
1125 2996 1444 3055 fastorum
1493 2997 1932 3057 Romanorum
1989 3013 2250 3072 respon-

152 3104 411 3161 derent.

336 3207 530 3282 Quod
595 3222 667 3265 re
724 3223 884 3265 vera
950 3207 1018 3265 in
1089 3225 1331 3267 annum
1390 3202 1517 3267 541
1582 3227 1645 3285 p.
1705 3209 1816 3269 Ch.
1878 3227 1943 3268 n.
2015 3209 2251 3267 cadere

149 3316 482 3376 Schuerer
529 3314 572 3371 l.
623 3329 678 3371 c.
731 3329 794 3387 p.
838 3306 1003 3371 1083
1053 3313 1528 3373 demonstravit
1575 3316 1812 3376 collato
1860 3316 2050 3374 titulo
2098 3331 2251 3389 quo-

150 3426 309 3483 dam
358 3421 537 3480 illius
585 3420 761 3490 anni,
834 3436 964 3494 quo
1019 3422 1334 3498 leguntur
1389 3424 1598 3494 ¹verba
1656 3424 1730 3504 τῇ
1793 3418 2156 3503 ἐπαγομένῃ
2201 3403 2255 3482 ’δ-

336 3642 389 3705 1)
435 3642 515 3693 cf.
554 3643 767 3694 Usener
805 3643 859 3691 in
897 3642 1215 3694 Mommseni
1255 3643 1433 3695 chron.
1473 3646 1599 3695 min.
1637 3646 1722 3696 III
1759 3663 1811 3711 p.
1851 3643 1972 3698 366.
