<?xml version="1.0" encoding="UTF-8"?>
<!DOCTYPE html PUBLIC "-//W3C//DTD XHTML 1.0 Transitional//EN"
    "http://www.w3.org/TR/xhtml1/DTD/xhtml1-transitional.dtd">
<html xmlns="http://www.w3.org/1999/xhtml" xml:lang="en" lang="en">
 <head>
  <title>
</title>
<meta http-equiv="Content-Type" content="text/html;charset=utf-8" />
  <meta name='ocr-system' content='tesseract 3.04.00' />
  <meta name='ocr-capabilities' content='ocr_page ocr_carea ocr_par ocr_line ocrx_word'/>
</head>
<body>
  <div class='ocr_page' id='page_1' title='image "./demarcidiaconiv00nuthgoog_0018.png"; bbox 0 0 2581 4081; ppageno 0'>
   <div class='ocr_carea' id='block_1_1' title="bbox 1365 245 1431 308">
    <p class='ocr_par' dir='ltr' id='par_1_1' title="bbox 1365 245 1431 308">
     <span class='ocr_line' id='line_1_1' title="bbox 1365 245 1431 308; baseline 0.03 -2"><span class='ocrx_word' id='word_1_1' title='bbox 1365 245 1431 308; x_wconf 75' lang='lat'>16</span> 
     </span>
    </p>
   </div>
   <div class='ocr_carea' id='block_1_2' title="bbox 340 431 2514 3291">
    <p class='ocr_par' dir='ltr' id='par_1_2' title="bbox 350 431 2459 724">
     <span class='ocr_line' id='line_1_2' title="bbox 350 431 2459 514; baseline 0.001 -20"><span class='ocrx_word' id='word_1_2' title='bbox 350 434 683 495; x_wconf 85' lang='lat' dir='ltr'>Palladius</span> <span class='ocrx_word' id='word_1_3' title='bbox 731 433 1070 511; x_wconf 82' lang='lat' dir='ltr'>praedicat</span> <span class='ocrx_word' id='word_1_4' title='bbox 1094 431 1141 511; x_wconf 91' lang='lat'>1)</span> <span class='ocrx_word' id='word_1_5' title='bbox 1192 450 1459 494; x_wconf 87' lang='lat' dir='ltr'>causam</span> <span class='ocrx_word' id='word_1_6' title='bbox 1503 434 2041 514; x_wconf 84' lang='lat' dir='ltr'>Antoninianam,</span> <span class='ocrx_word' id='word_1_7' title='bbox 2115 448 2307 511; x_wconf 87' lang='lat' dir='ltr'>quae,</span> <span class='ocrx_word' id='word_1_8' title='bbox 2384 438 2459 496; x_wconf 90' lang='lat' dir='ltr'>ut</span> 
     </span>
     <span class='ocr_line' id='line_1_3' title="bbox 352 536 2457 620; baseline 0.001 -20"><span class='ocrx_word' id='word_1_9' title='bbox 352 558 551 618; x_wconf 91' lang='lat' dir='ltr'>supra</span> <span class='ocrx_word' id='word_1_10' title='bbox 598 543 1114 601; x_wconf 85' lang='lat' dir='ltr'>demonstratum</span> <span class='ocrx_word' id='word_1_11' title='bbox 1147 548 1264 620; x_wconf 87' lang='lat' dir='ltr'>est,</span> <span class='ocrx_word' id='word_1_12' title='bbox 1315 558 1471 601; x_wconf 85' lang='lat' dir='ltr'>vere</span> <span class='ocrx_word' id='word_1_13' title='bbox 1506 541 1661 601; x_wconf 89' lang='lat' dir='ltr'>anni</span> <span class='ocrx_word' id='word_1_14' title='bbox 1692 536 1824 600; x_wconf 85' lang='lat'>400</span> <span class='ocrx_word' id='word_1_15' title='bbox 1861 549 2039 602; x_wconf 87' lang='lat' dir='ltr'>mota</span> <span class='ocrx_word' id='word_1_16' title='bbox 2069 547 2231 614; x_wconf 80' lang='lat' dir='ltr'>erat,</span> <span class='ocrx_word' id='word_1_17' title='bbox 2284 545 2457 603; x_wconf 91' lang='lat' dir='ltr'>duos</span> 
     </span>
     <span class='ocr_line' id='line_1_4' title="bbox 352 654 1195 724; baseline -0.001 -16"><span class='ocrx_word' id='word_1_18' title='bbox 352 665 470 724; x_wconf 91' lang='lat' dir='ltr'>per</span> <span class='ocrx_word' id='word_1_19' title='bbox 516 666 720 708; x_wconf 90' lang='lat' dir='ltr'>annos</span> <span class='ocrx_word' id='word_1_20' title='bbox 769 654 984 707; x_wconf 89' lang='lat' dir='ltr'>actam</span> <span class='ocrx_word' id='word_1_21' title='bbox 1032 665 1195 708; x_wconf 90' lang='lat' dir='ltr'>esse.</span> 
     </span>
    </p>

    <p class='ocr_par' dir='ltr' id='par_1_3' title="bbox 349 747 2514 1899">
     <span class='ocr_line' id='line_1_5' title="bbox 528 747 2457 830; baseline 0.001 -15"><span class='ocrx_word' id='word_1_22' title='bbox 528 756 806 815; x_wconf 90' lang='lat' dir='ltr'>Ioannes</span> <span class='ocrx_word' id='word_1_23' title='bbox 840 758 1058 815; x_wconf 85' lang='lat' dir='ltr'>autem</span> <span class='ocrx_word' id='word_1_24' title='bbox 1091 747 1591 830; x_wconf 84' lang='lat' dir='ltr'>Chrysostomus</span> <span class='ocrx_word' id='word_1_25' title='bbox 1637 761 1784 830; x_wconf 82' lang='lat' dir='ltr'>post</span> <span class='ocrx_word' id='word_1_26' title='bbox 1830 756 2140 830; x_wconf 76' lang='lat' dir='ltr'>pascham</span> <span class='ocrx_word' id='word_1_27' title='bbox 2172 774 2260 815; x_wconf 86' lang='lat' dir='ltr'>ex</span> <span class='ocrx_word' id='word_1_28' title='bbox 2292 758 2457 816; x_wconf 88' lang='lat' dir='ltr'>Asia</span> 
     </span>
     <span class='ocr_line' id='line_1_6' title="bbox 351 864 2453 939; baseline 0 -17"><span class='ocrx_word' id='word_1_29' title='bbox 351 865 723 935; x_wconf 88' lang='lat' dir='ltr'>revertitur,</span> <span class='ocrx_word' id='word_1_30' title='bbox 791 869 1138 939; x_wconf 76' lang='lat' dir='ltr'><strong>postquam</strong></span> <span class='ocrx_word' id='word_1_31' title='bbox 1198 864 1348 938; x_wconf 91' lang='lat' dir='ltr'>plus</span> <span class='ocrx_word' id='word_1_32' title='bbox 1413 867 1674 922; x_wconf 80' lang='lat' dir='ltr'>centum</span> <span class='ocrx_word' id='word_1_33' title='bbox 1722 865 1955 923; x_wconf 91' lang='lat' dir='ltr'>diebus</span> <span class='ocrx_word' id='word_1_34' title='bbox 2003 866 2096 923; x_wconf 88' lang='lat' dir='ltr'>ibi</span> <span class='ocrx_word' id='word_1_35' title='bbox 2144 871 2453 923; x_wconf 84' lang='lat' dir='ltr'>versatus</span> 
     </span>
     <span class='ocr_line' id='line_1_7' title="bbox 353 969 2453 1056; baseline -0 -26"><span class='ocrx_word' id='word_1_36' title='bbox 353 972 468 1056; x_wconf 86' lang='lat' dir='ltr'>est.</span> <span class='ocrx_word' id='word_1_37' title='bbox 542 969 638 1030; x_wconf 83' lang='lat' dir='ltr'>Of.</span> <span class='ocrx_word' id='word_1_38' title='bbox 688 971 906 1028; x_wconf 89' lang='lat' dir='ltr'>homil.</span> <span class='ocrx_word' id='word_1_39' title='bbox 958 971 1041 1029; x_wconf 88' lang='lat' dir='ltr'>de</span> <span class='ocrx_word' id='word_1_40' title='bbox 1089 986 1397 1047; x_wconf 84' lang='lat' dir='ltr'>regressu</span> <span class='ocrx_word' id='word_1_41' title='bbox 1446 988 1531 1030; x_wconf 83' lang='lat' dir='ltr'>ex</span> <span class='ocrx_word' id='word_1_42' title='bbox 1563 971 1722 1030; x_wconf 88' lang='lat' dir='ltr'>Asia</span> <span class='ocrx_word' id='word_1_43' title='bbox 1767 971 1970 1030; x_wconf 90' lang='lat' dir='ltr'>latine</span> <span class='ocrx_word' id='word_1_44' title='bbox 2018 974 2273 1030; x_wconf 87' lang='lat' dir='ltr'>tantum</span> <span class='ocrx_word' id='word_1_45' title='bbox 2322 987 2453 1030; x_wconf 91' lang='lat' dir='ltr'>ser-</span> 
     </span>
     <span class='ocr_line' id='line_1_8' title="bbox 352 1072 2450 1155; baseline 0.002 -21"><span class='ocrx_word' id='word_1_46' title='bbox 352 1080 506 1137; x_wconf 88' lang='lat' dir='ltr'>vata</span> <span class='ocrx_word' id='word_1_47' title='bbox 580 1075 756 1137; x_wconf 82' lang='lat' dir='ltr'>PGM</span> <span class='ocrx_word' id='word_1_48' title='bbox 832 1077 947 1136; x_wconf 90' lang='lat' dir='ltr'>LII</span> <span class='ocrx_word' id='word_1_49' title='bbox 1029 1094 1091 1152; x_wconf 90' lang='lat' dir='ltr'>p.</span> <span class='ocrx_word' id='word_1_50' title='bbox 1149 1072 1314 1137; x_wconf 74' lang='lat'>421:</span> <span class='ocrx_word' id='word_1_51' title='bbox 1395 1073 1551 1155; x_wconf 73' lang='lat' dir='ltr'>‘ego</span> <span class='ocrx_word' id='word_1_52' title='bbox 1616 1075 1942 1154; x_wconf 87' lang='lat' dir='ltr'>(Ioannes)</span> <span class='ocrx_word' id='word_1_53' title='bbox 2021 1086 2240 1138; x_wconf 86' lang='lat' dir='ltr'>autem</span> <span class='ocrx_word' id='word_1_54' title='bbox 2316 1094 2450 1138; x_wconf 89' lang='lat' dir='ltr'>non</span> 
     </span>
     <span class='ocr_line' id='line_1_9' title="bbox 350 1184 2450 1262; baseline 0.002 -21"><span class='ocrx_word' id='word_1_55' title='bbox 350 1184 792 1260; x_wconf 83' lang='lat' dir='ltr'>quadraginta</span> <span class='ocrx_word' id='word_1_56' title='bbox 825 1185 964 1244; x_wconf 88' lang='lat' dir='ltr'>dies</span> <span class='ocrx_word' id='word_1_57' title='bbox 997 1188 1270 1255; x_wconf 84' lang='lat' dir='ltr'>tantum,</span> <span class='ocrx_word' id='word_1_58' title='bbox 1322 1187 1439 1244; x_wconf 90' lang='lat' dir='ltr'>sed</span> <span class='ocrx_word' id='word_1_59' title='bbox 1472 1189 1535 1244; x_wconf 93' lang='lat' dir='ltr'>et</span> <span class='ocrx_word' id='word_1_60' title='bbox 1569 1186 2051 1262; x_wconf 81' lang='lat' dir='ltr'>quinquaginta</span> <span class='ocrx_word' id='word_1_61' title='bbox 2083 1193 2148 1244; x_wconf 92' lang='lat' dir='ltr'>et</span> <span class='ocrx_word' id='word_1_62' title='bbox 2181 1195 2450 1245; x_wconf 88' lang='lat' dir='ltr'>centum</span> 
     </span>
     <span class='ocr_line' id='line_1_10' title="bbox 352 1283 2450 1366; baseline 0.001 -18"><span class='ocrx_word' id='word_1_63' title='bbox 352 1293 417 1349; x_wconf 85' lang='lat' dir='ltr'>et</span> <span class='ocrx_word' id='word_1_64' title='bbox 471 1283 780 1365; x_wconf 79' lang='lat' dir='ltr'>amplius&#39;</span> <span class='ocrx_word' id='word_1_65' title='bbox 844 1287 961 1366; x_wconf 90' lang='lat' dir='ltr'>(sc.</span> <span class='ocrx_word' id='word_1_66' title='bbox 1013 1287 1174 1366; x_wconf 90' lang='lat' dir='ltr'>afui)</span> <span class='ocrx_word' id='word_1_67' title='bbox 1233 1298 1299 1350; x_wconf 91' lang='lat' dir='ltr'>et</span> <span class='ocrx_word' id='word_1_68' title='bbox 1345 1309 1407 1366; x_wconf 91' lang='lat' dir='ltr'>p.</span> <span class='ocrx_word' id='word_1_69' title='bbox 1456 1287 1620 1351; x_wconf 76' lang='lat'>422:</span> <span class='ocrx_word' id='word_1_70' title='bbox 1689 1284 2281 1363; x_wconf 80' lang='lat' dir='ltr'>‘desiderabamuS‚</span> <span class='ocrx_word' id='word_1_71' title='bbox 2355 1295 2450 1351; x_wconf 50' lang='lat' dir='ltr'>in‘</span> 
     </span>
     <span class='ocr_line' id='line_1_11' title="bbox 351 1393 2448 1478; baseline 0.002 -24"><span class='ocrx_word' id='word_1_72' title='bbox 351 1397 550 1471; x_wconf 90' lang='lat' dir='ltr'>quitis</span> <span class='ocrx_word' id='word_1_73' title='bbox 598 1393 666 1471; x_wconf 92' lang='lat' dir='ltr'>(i.</span> <span class='ocrx_word' id='word_1_74' title='bbox 716 1414 773 1455; x_wconf 90' lang='lat' dir='ltr'>e.</span> <span class='ocrx_word' id='word_1_75' title='bbox 822 1398 1001 1456; x_wconf 89' lang='lat' dir='ltr'>cives</span> <span class='ocrx_word' id='word_1_76' title='bbox 1049 1394 1773 1474; x_wconf 84' lang='lat' dir='ltr'>Constantinopolitani)</span> <span class='ocrx_word' id='word_1_77' title='bbox 1821 1407 2041 1458; x_wconf 87' lang='lat' dir='ltr'>tecum</span> <span class='ocrx_word' id='word_1_78' title='bbox 2087 1397 2154 1478; x_wconf 80' lang='lat' dir='ltr'>(i.</span> <span class='ocrx_word' id='word_1_79' title='bbox 2200 1416 2257 1458; x_wconf 88' lang='lat' dir='ltr'>e.</span> <span class='ocrx_word' id='word_1_80' title='bbox 2292 1415 2448 1458; x_wconf 88' lang='lat' dir='ltr'>cum</span> 
     </span>
     <span class='ocr_line' id='line_1_12' title="bbox 349 1496 2447 1579; baseline 0.001 -16"><span class='ocrx_word' id='word_1_81' title='bbox 349 1498 617 1577; x_wconf 84' lang='lat' dir='ltr'>Ioanne)</span> <span class='ocrx_word' id='word_1_82' title='bbox 667 1504 886 1563; x_wconf 89' lang='lat' dir='ltr'>facere</span> <span class='ocrx_word' id='word_1_83' title='bbox 934 1496 1228 1578; x_wconf 85' lang='lat' dir='ltr'>pascha&#39;.</span> <span class='ocrx_word' id='word_1_84' title='bbox 1292 1504 1616 1579; x_wconf 81' lang='lat' dir='ltr'>Quoniam</span> <span class='ocrx_word' id='word_1_85' title='bbox 1662 1511 1883 1564; x_wconf 89' lang='lat' dir='ltr'>autem</span> <span class='ocrx_word' id='word_1_86' title='bbox 1931 1498 2070 1564; x_wconf 87' lang='lat' dir='ltr'>dies</span> <span class='ocrx_word' id='word_1_87' title='bbox 2118 1522 2447 1565; x_wconf 88' lang='lat' dir='ltr'>resurrec-</span> 
     </span>
     <span class='ocr_line' id='line_1_13' title="bbox 349 1605 2514 1687; baseline 0.003 -20"><span class='ocrx_word' id='word_1_88' title='bbox 349 1610 545 1668; x_wconf 88' lang='lat' dir='ltr'>tionis</span> <span class='ocrx_word' id='word_1_89' title='bbox 594 1610 840 1669; x_wconf 90' lang='lat' dir='ltr'>domini</span> <span class='ocrx_word' id='word_1_90' title='bbox 889 1626 1058 1668; x_wconf 79' lang='lat' dir='ltr'>anno</span> <span class='ocrx_word' id='word_1_91' title='bbox 1090 1605 1242 1687; x_wconf 85' lang='grc'>402,</span> <span class='ocrx_word' id='word_1_92' title='bbox 1293 1613 1364 1668; x_wconf 92' lang='lat' dir='ltr'>ut</span> <span class='ocrx_word' id='word_1_93' title='bbox 1411 1627 1609 1686; x_wconf 91' lang='lat' dir='ltr'>supra</span> <span class='ocrx_word' id='word_1_94' title='bbox 1656 1611 1904 1669; x_wconf 90' lang='lat' dir='ltr'>dictum</span> <span class='ocrx_word' id='word_1_95' title='bbox 1952 1614 2067 1678; x_wconf 85' lang='lat' dir='ltr'>est,</span> <span class='ocrx_word' id='word_1_96' title='bbox 2119 1613 2181 1670; x_wconf 92' lang='lat' dir='ltr'>d.</span> <span class='ocrx_word' id='word_1_97' title='bbox 2233 1612 2323 1672; x_wconf 95' lang='lat' dir='ltr'>VI</span> <span class='ocrx_word' id='word_1_98' title='bbox 2355 1630 2442 1674; x_wconf 91' lang='lat' dir='ltr'>m.</span> <span class='ocrx_word' id='word_1_99' title='bbox 2510 1621 2514 1627; x_wconf 85' lang='lat'>&#39;</span> 
     </span>
     <span class='ocr_line' id='line_1_14' title="bbox 349 1712 2444 1793; baseline 0.002 -18"><span class='ocrx_word' id='word_1_100' title='bbox 349 1717 592 1793; x_wconf 83' lang='lat' dir='ltr'>Aprilis</span> <span class='ocrx_word' id='word_1_101' title='bbox 641 1717 1008 1775; x_wconf 89' lang='lat' dir='ltr'>celebratus</span> <span class='ocrx_word' id='word_1_102' title='bbox 1057 1722 1173 1787; x_wconf 88' lang='lat' dir='ltr'>est,</span> <span class='ocrx_word' id='word_1_103' title='bbox 1222 1717 1535 1775; x_wconf 90' lang='lat' dir='ltr'>Ioannem</span> <span class='ocrx_word' id='word_1_104' title='bbox 1567 1718 1751 1775; x_wconf 89' lang='lat' dir='ltr'>initio</span> <span class='ocrx_word' id='word_1_105' title='bbox 1784 1718 1939 1775; x_wconf 88' lang='lat' dir='ltr'>anni</span> <span class='ocrx_word' id='word_1_106' title='bbox 1976 1712 2107 1776; x_wconf 88' lang='grc'>402</span> <span class='ocrx_word' id='word_1_107' title='bbox 2154 1720 2260 1777; x_wconf 86' lang='lat' dir='ltr'>vel</span> <span class='ocrx_word' id='word_1_108' title='bbox 2310 1721 2444 1779; x_wconf 91' lang='lat' dir='ltr'>iam</span> 
     </span>
     <span class='ocr_line' id='line_1_15' title="bbox 349 1817 2097 1899; baseline 0 -17"><span class='ocrx_word' id='word_1_109' title='bbox 349 1824 476 1883; x_wconf 91' lang='lat' dir='ltr'>fine</span> <span class='ocrx_word' id='word_1_110' title='bbox 512 1824 679 1882; x_wconf 84' lang='lat' dir='ltr'>anni</span> <span class='ocrx_word' id='word_1_111' title='bbox 726 1817 853 1880; x_wconf 89' lang='grc'>401</span> <span class='ocrx_word' id='word_1_112' title='bbox 906 1823 1029 1881; x_wconf 90' lang='lat' dir='ltr'>hoc</span> <span class='ocrx_word' id='word_1_113' title='bbox 1075 1823 1201 1881; x_wconf 83' lang='lat' dir='ltr'>iter</span> <span class='ocrx_word' id='word_1_114' title='bbox 1248 1825 1616 1899; x_wconf 78' lang='lat' dir='ltr'>suscepisse</span> <span class='ocrx_word' id='word_1_115' title='bbox 1664 1840 1932 1883; x_wconf 90' lang='lat' dir='ltr'>necesse</span> <span class='ocrx_word' id='word_1_116' title='bbox 1981 1829 2097 1883; x_wconf 84' lang='lat' dir='ltr'>est.</span> 
     </span>
    </p>

    <p class='ocr_par' dir='ltr' id='par_1_4' title="bbox 342 1929 2443 2860">
     <span class='ocr_line' id='line_1_16' title="bbox 528 1929 2443 2005; baseline 0.002 -16"><span class='ocrx_word' id='word_1_117' title='bbox 528 1929 689 1990; x_wconf 84' lang='lat' dir='ltr'>Cum</span> <span class='ocrx_word' id='word_1_118' title='bbox 735 1931 834 1988; x_wconf 90' lang='lat' dir='ltr'>his</span> <span class='ocrx_word' id='word_1_119' title='bbox 883 1932 1123 2005; x_wconf 89' lang='lat' dir='ltr'>optime</span> <span class='ocrx_word' id='word_1_120' title='bbox 1172 1932 1500 1999; x_wconf 88' lang='lat' dir='ltr'>convenit,</span> <span class='ocrx_word' id='word_1_121' title='bbox 1550 1931 1727 2005; x_wconf 89' lang='lat' dir='ltr'>quod</span> <span class='ocrx_word' id='word_1_122' title='bbox 1775 1931 2181 1990; x_wconf 85' lang='lat' dir='ltr'>Theodosius</span> <span class='ocrx_word' id='word_1_123' title='bbox 2228 1933 2443 1993; x_wconf 86' lang='lat' dir='ltr'>Minor</span> 
     </span>
     <span class='ocr_line' id='line_1_17' title="bbox 347 2036 2439 2115; baseline 0.001 -19"><span class='ocrx_word' id='word_1_124' title='bbox 347 2052 477 2096; x_wconf 90' lang='lat' dir='ltr'>non</span> <span class='ocrx_word' id='word_1_125' title='bbox 503 2038 609 2095; x_wconf 82' lang='lat' dir='ltr'>-ab</span> <span class='ocrx_word' id='word_1_126' title='bbox 657 2037 921 2109; x_wconf 88' lang='lat' dir='ltr'>Ioanne,</span> <span class='ocrx_word' id='word_1_127' title='bbox 989 2038 1105 2097; x_wconf 90' lang='lat' dir='ltr'>sed</span> <span class='ocrx_word' id='word_1_128' title='bbox 1164 2055 1204 2096; x_wconf 94' lang='lat' dir='ltr'>a</span> <span class='ocrx_word' id='word_1_129' title='bbox 1250 2037 1603 2098; x_wconf 86' lang='lat' dir='ltr'>Severiano</span> <span class='ocrx_word' id='word_1_130' title='bbox 1652 2036 2006 2098; x_wconf 80' lang='lat' dir='ltr'>Gabalensi</span> <span class='ocrx_word' id='word_1_131' title='bbox 2068 2039 2439 2115; x_wconf 88' lang='lat' dir='ltr'>baptizatus</span> 
     </span>
     <span class='ocr_line' id='line_1_18' title="bbox 346 2139 2435 2222; baseline 0.002 -20"><span class='ocrx_word' id='word_1_132' title='bbox 346 2159 487 2202; x_wconf 89' lang='lat' dir='ltr'>esse</span> <span class='ocrx_word' id='word_1_133' title='bbox 534 2145 851 2219; x_wconf 78' lang='lat' dir='ltr'>proditur.</span> <span class='ocrx_word' id='word_1_134' title='bbox 925 2146 1010 2203; x_wconf 89' lang='lat' dir='ltr'>cf.</span> <span class='ocrx_word' id='word_1_135' title='bbox 1058 2146 1203 2204; x_wconf 92' lang='lat' dir='ltr'>Ado</span> <span class='ocrx_word' id='word_1_136' title='bbox 1271 2147 1495 2204; x_wconf 90' lang='lat' dir='ltr'>chron.</span> <span class='ocrx_word' id='word_1_137' title='bbox 1562 2146 1729 2205; x_wconf 91' lang='lat' dir='ltr'>PLM</span> <span class='ocrx_word' id='word_1_138' title='bbox 1776 2146 2052 2207; x_wconf 84' lang='lat' dir='ltr'>CXXIII</span> <span class='ocrx_word' id='word_1_139' title='bbox 2111 2164 2174 2222; x_wconf 92' lang='lat' dir='ltr'>p.</span> <span class='ocrx_word' id='word_1_140' title='bbox 2235 2139 2435 2206; x_wconf 66' lang='lat' dir='ltr'>loch:</span> 
     </span>
     <span class='ocr_line' id='line_1_19' title="bbox 342 2241 2438 2329; baseline 0.001 -19"><span class='ocrx_word' id='word_1_141' title='bbox 342 2241 763 2310; x_wconf 86' lang='lat' dir='ltr'>‘Severianus</span> <span class='ocrx_word' id='word_1_142' title='bbox 812 2249 1201 2310; x_wconf 83' lang='lat' dir='ltr'>Gabalensis</span> <span class='ocrx_word' id='word_1_143' title='bbox 1259 2253 1734 2327; x_wconf 82' lang='lat' dir='ltr'>episcopusin</span> <span class='ocrx_word' id='word_1_144' title='bbox 1802 2253 2044 2311; x_wconf 89' lang='lat' dir='ltr'>divinis</span> <span class='ocrx_word' id='word_1_145' title='bbox 2093 2255 2438 2329; x_wconf 89' lang='lat' dir='ltr'>scripturis</span> 
     </span>
     <span class='ocr_line' id='line_1_20' title="bbox 345 2357 2439 2434; baseline 0.002 -20"><span class='ocrx_word' id='word_1_146' title='bbox 345 2357 639 2416; x_wconf 87' lang='lat' dir='ltr'>eruditus</span> <span class='ocrx_word' id='word_1_147' title='bbox 673 2364 737 2415; x_wconf 86' lang='lat' dir='ltr'>et</span> <span class='ocrx_word' id='word_1_148' title='bbox 770 2358 1170 2417; x_wconf 78' lang='lat' dir='ltr'>declamator</span> <span class='ocrx_word' id='word_1_149' title='bbox 1201 2360 1610 2417; x_wconf 89' lang='lat' dir='ltr'>admirabilis</span> <span class='ocrx_word' id='word_1_150' title='bbox 1636 2360 1781 2417; x_wconf 90' lang='lat' dir='ltr'>fuit.</span> <span class='ocrx_word' id='word_1_151' title='bbox 1829 2359 2022 2419; x_wconf 90' lang='lat' dir='ltr'>Unde</span> <span class='ocrx_word' id='word_1_152' title='bbox 2056 2361 2439 2434; x_wconf 86' lang='lat' dir='ltr'>frequenter</span> 
     </span>
     <span class='ocr_line' id='line_1_21' title="bbox 344 2446 2437 2540; baseline 0.002 -19"><span class='ocrx_word' id='word_1_153' title='bbox 344 2465 428 2522; x_wconf 87' lang='lat' dir='ltr'>ab</span> <span class='ocrx_word' id='word_1_154' title='bbox 476 2464 783 2540; x_wconf 88' lang='lat' dir='ltr'>episcopo</span> <span class='ocrx_word' id='word_1_155' title='bbox 830 2465 1074 2524; x_wconf 88' lang='lat' dir='ltr'>Ioanne</span> <span class='ocrx_word' id='word_1_156' title='bbox 1135 2468 1199 2524; x_wconf 95' lang='lat' dir='ltr'>et</span> <span class='ocrx_word' id='word_1_157' title='bbox 1232 2446 1642 2540; x_wconf 53' lang='lat' dir='ltr'>‘imperatore</span> <span class='ocrx_word' id='word_1_158' title='bbox 1690 2466 1976 2524; x_wconf 89' lang='lat' dir='ltr'>Arcadio</span> <span class='ocrx_word' id='word_1_159' title='bbox 2044 2467 2130 2525; x_wconf 92' lang='lat' dir='ltr'>ad</span> <span class='ocrx_word' id='word_1_160' title='bbox 2196 2466 2437 2526; x_wconf 84' lang='lat' dir='ltr'>facien·</span> 
     </span>
     <span class='ocr_line' id='line_1_22' title="bbox 346 2571 2437 2648; baseline 0.001 -20"><span class='ocrx_word' id='word_1_161' title='bbox 346 2571 502 2629; x_wconf 89' lang='lat' dir='ltr'>dum</span> <span class='ocrx_word' id='word_1_162' title='bbox 550 2586 917 2630; x_wconf 90' lang='lat' dir='ltr'>sermonem</span> <span class='ocrx_word' id='word_1_163' title='bbox 965 2571 1598 2648; x_wconf 81' lang='lat' dir='ltr'>Constantinopolim</span> <span class='ocrx_word' id='word_1_164' title='bbox 1646 2574 2066 2632; x_wconf 82' lang='lat' dir='ltr'>evocabatur.</span> <span class='ocrx_word' id='word_1_165' title='bbox 2139 2573 2285 2631; x_wconf 89' lang='lat' dir='ltr'>Hic</span> <span class='ocrx_word' id='word_1_166' title='bbox 2332 2574 2437 2632; x_wconf 90' lang='lat' dir='ltr'>iu-</span> 
     </span>
     <span class='ocr_line' id='line_1_23' title="bbox 344 2678 2434 2763; baseline 0.001 -27"><span class='ocrx_word' id='word_1_167' title='bbox 344 2678 652 2736; x_wconf 90' lang='lat' dir='ltr'>niorem</span> <span class='ocrx_word' id='word_1_168' title='bbox 722 2678 1264 2763; x_wconf 82' lang='lat' dir='ltr'>Theodosium</span> <span class='ocrx_word' id='word_1_169' title='bbox 1331 2697 1364 2737; x_wconf 94' lang='lat' dir='ltr'>e</span> <span class='ocrx_word' id='word_1_170' title='bbox 1437 2696 1667 2739; x_wconf 87' lang='lat' dir='ltr'>sacro</span> <span class='ocrx_word' id='word_1_171' title='bbox 1739 2680 1963 2738; x_wconf 89' lang='lat' dir='ltr'>fonte</span> <span class='ocrx_word' id='word_1_172' title='bbox 2034 2680 2434 2758; x_wconf 85' lang='lat' dir='ltr'>suscepit,</span> 
     </span>
     <span class='ocr_line' id='line_1_24' title="bbox 345 2778 1355 2860; baseline 0.001 -17"><span class='ocrx_word' id='word_1_173' title='bbox 345 2784 534 2843; x_wconf 90' lang='lat' dir='ltr'>cuius</span> <span class='ocrx_word' id='word_1_174' title='bbox 581 2787 645 2843; x_wconf 91' lang='lat' dir='ltr'>et</span> <span class='ocrx_word' id='word_1_175' title='bbox 691 2790 982 2860; x_wconf 87' lang='lat' dir='ltr'>tempore</span> <span class='ocrx_word' id='word_1_176' title='bbox 1030 2778 1355 2845; x_wconf 86' lang='lat' dir='ltr'>moritur&#39;.</span> 
     </span>
    </p>

    <p class='ocr_par' dir='ltr' id='par_1_5' title="bbox 340 2891 2434 3291">
     <span class='ocr_line' id='line_1_25' title="bbox 518 2891 2434 2968; baseline 0.002 -18"><span class='ocrx_word' id='word_1_177' title='bbox 518 2891 746 2966; x_wconf 88' lang='lat' dir='ltr'>Neque</span> <span class='ocrx_word' id='word_1_178' title='bbox 795 2893 1001 2951; x_wconf 86' lang='lat' dir='ltr'>everti</span> <span class='ocrx_word' id='word_1_179' title='bbox 1057 2895 1271 2968; x_wconf 83' lang='lat' dir='ltr'>potest</span> <span class='ocrx_word' id='word_1_180' title='bbox 1317 2893 1567 2952; x_wconf 88' lang='lat' dir='ltr'>Adonis</span> <span class='ocrx_word' id='word_1_181' title='bbox 1615 2894 1968 2953; x_wconf 80' lang='lat' dir='ltr'>auctoritas</span> <span class='ocrx_word' id='word_1_182' title='bbox 2016 2894 2434 2968; x_wconf 85' lang='lat' dir='ltr'>Theophanis</span> 
     </span>
     <span class='ocr_line' id='line_1_26' title="bbox 343 2974 2434 3077; baseline 0.001 -21"><span class='ocrx_word' id='word_1_183' title='bbox 343 2974 711 3077; x_wconf 56' lang='lat' dir='ltr'>(chronogr.</span> <span class='ocrx_word' id='word_1_184' title='bbox 760 3000 862 3059; x_wconf 91' lang='lat' dir='ltr'>ed.</span> <span class='ocrx_word' id='word_1_185' title='bbox 914 3001 995 3058; x_wconf 93' lang='lat' dir='ltr'>de</span> <span class='ocrx_word' id='word_1_186' title='bbox 1041 3000 1211 3059; x_wconf 89' lang='lat' dir='ltr'>Boor</span> <span class='ocrx_word' id='word_1_187' title='bbox 1254 3000 1306 3059; x_wconf 94' lang='lat' dir='ltr'>I.</span> <span class='ocrx_word' id='word_1_188' title='bbox 1356 3018 1418 3076; x_wconf 92' lang='lat' dir='ltr'>p.</span> <span class='ocrx_word' id='word_1_189' title='bbox 1466 2995 1569 3071; x_wconf 83' lang='lat'>76,</span> <span class='ocrx_word' id='word_1_190' title='bbox 1601 2996 1633 3059; x_wconf 91' lang='lat'>1</span> <span class='ocrx_word' id='word_1_191' title='bbox 1664 2996 1741 3076; x_wconf 92' lang='lat' dir='ltr'>s.)</span> <span class='ocrx_word' id='word_1_192' title='bbox 1799 3003 1864 3059; x_wconf 91' lang='lat' dir='ltr'>et</span> <span class='ocrx_word' id='word_1_193' title='bbox 1910 2999 2179 3059; x_wconf 87' lang='lat' dir='ltr'>Cosmae</span> <span class='ocrx_word' id='word_1_194' title='bbox 2226 3000 2434 3060; x_wconf 90' lang='lat' dir='ltr'>Vesti-</span> 
     </span>
     <span class='ocr_line' id='line_1_27' title="bbox 340 3102 2433 3183; baseline 0.003 -20"><span class='ocrx_word' id='word_1_195' title='bbox 340 3106 498 3165; x_wconf 86' lang='lat' dir='ltr'>toris</span> <span class='ocrx_word' id='word_1_196' title='bbox 569 3102 767 3181; x_wconf 75' lang='lat' dir='ltr'>(PGM</span> <span class='ocrx_word' id='word_1_197' title='bbox 812 3106 990 3167; x_wconf 91' lang='lat' dir='ltr'>LXV</span> <span class='ocrx_word' id='word_1_198' title='bbox 1058 3125 1122 3183; x_wconf 94' lang='lat' dir='ltr'>p.</span> <span class='ocrx_word' id='word_1_199' title='bbox 1171 3102 1346 3166; x_wconf 75' lang='grc' dir='ltr'>820ει</span> <span class='ocrx_word' id='word_1_200' title='bbox 1392 3109 1543 3171; x_wconf 89' lang='lat' dir='ltr'>adn.</span> <span class='ocrx_word' id='word_1_201' title='bbox 1594 3103 1706 3182; x_wconf 87' lang='grc'>28)</span> <span class='ocrx_word' id='word_1_202' title='bbox 1761 3109 1999 3180; x_wconf 79' lang='lat' dir='ltr'>verbiS‚</span> <span class='ocrx_word' id='word_1_203' title='bbox 2072 3109 2185 3183; x_wconf 88' lang='lat' dir='ltr'>qui</span> <span class='ocrx_word' id='word_1_204' title='bbox 2228 3108 2433 3169; x_wconf 87' lang='lat' dir='ltr'>Theo-</span> 
     </span>
     <span class='ocr_line' id='line_1_28' title="bbox 343 3215 2433 3291; baseline 0.001 -18"><span class='ocrx_word' id='word_1_205' title='bbox 343 3215 600 3274; x_wconf 90' lang='lat' dir='ltr'>dosium</span> <span class='ocrx_word' id='word_1_206' title='bbox 664 3215 979 3274; x_wconf 89' lang='lat' dir='ltr'>Minorem</span> <span class='ocrx_word' id='word_1_207' title='bbox 1046 3216 1129 3273; x_wconf 89' lang='lat' dir='ltr'>ab</span> <span class='ocrx_word' id='word_1_208' title='bbox 1186 3215 1432 3275; x_wconf 89' lang='lat' dir='ltr'>Ioanne</span> <span class='ocrx_word' id='word_1_209' title='bbox 1500 3215 1959 3291; x_wconf 84' lang='lat' dir='ltr'>Chrysostomo</span> <span class='ocrx_word' id='word_1_210' title='bbox 2027 3216 2433 3290; x_wconf 86' lang='lat' dir='ltr'>baptizatum</span> 
     </span>
    </p>
   </div>
   <div class='ocr_carea' id='block_1_3' title="bbox 349 3367 776 3377">
    <p class='ocr_par' dir='ltr' id='par_1_6' title="bbox 349 3367 776 3377">
     <span class='ocr_line' id='line_1_29' title="bbox 349 3367 776 3377; baseline 0 704"><span class='ocrx_word' id='word_1_211' title='bbox 349 3367 776 3377; x_wconf 95' lang='lat' dir='ltr'> </span> 
     </span>
    </p>
   </div>
   <div class='ocr_carea' id='block_1_4' title="bbox 339 3470 2429 3721">
    <p class='ocr_par' dir='ltr' id='par_1_7' title="bbox 339 3470 2429 3721">
     <span class='ocr_line' id='line_1_30' title="bbox 518 3470 2429 3541; baseline 0.003 -17"><span class='ocrx_word' id='word_1_212' title='bbox 518 3470 572 3540; x_wconf 92' lang='lat'>1)</span> <span class='ocrx_word' id='word_1_213' title='bbox 610 3474 645 3525; x_wconf 93' lang='lat' dir='ltr'>l.</span> <span class='ocrx_word' id='word_1_214' title='bbox 674 3492 718 3525; x_wconf 81' lang='lat' dir='ltr'>c.</span> <span class='ocrx_word' id='word_1_215' title='bbox 745 3491 798 3538; x_wconf 87' lang='lat' dir='ltr'>p.</span> <span class='ocrx_word' id='word_1_216' title='bbox 836 3470 979 3525; x_wconf 64' lang='lat'>512:</span> <span class='ocrx_word' id='word_1_217' title='bbox 1021 3473 1212 3538; x_wconf 78' lang='grc' dir='ltr'>ἐπειδὴ</span> <span class='ocrx_word' id='word_1_218' title='bbox 1251 3475 1286 3540; x_wconf 87' lang='grc' dir='ltr'>ή</span> <span class='ocrx_word' id='word_1_219' title='bbox 1319 3471 1442 3540; x_wconf 81' lang='grc' dir='ltr'>δίκη</span> <span class='ocrx_word' id='word_1_220' title='bbox 1474 3472 1541 3527; x_wconf 86' lang='grc' dir='ltr'>τὸ</span> <span class='ocrx_word' id='word_1_221' title='bbox 1568 3476 1835 3529; x_wconf 83' lang='grc' dir='ltr'>πλεῖστον</span> <span class='ocrx_word' id='word_1_222' title='bbox 1858 3475 1948 3529; x_wconf 81' lang='grc' dir='ltr'>ἐπὶ</span> <span class='ocrx_word' id='word_1_223' title='bbox 1976 3472 2078 3529; x_wconf 82' lang='grc' dir='ltr'>δύο</span> <span class='ocrx_word' id='word_1_224' title='bbox 2107 3475 2204 3541; x_wconf 83' lang='grc' dir='ltr'>ἔτη</span> <span class='ocrx_word' id='word_1_225' title='bbox 2234 3473 2429 3541; x_wconf 75' lang='grc' dir='ltr'>ἑβασα·</span> 
     </span>
     <span class='ocr_line' id='line_1_31' title="bbox 339 3558 2427 3635; baseline 0.004 -21"><span class='ocrx_word' id='word_1_226' title='bbox 339 3560 518 3628; x_wconf 80' lang='grc' dir='ltr'><strong>νίσθη.</strong></span> <span class='ocrx_word' id='word_1_227' title='bbox 557 3579 610 3629; x_wconf 90' lang='lat' dir='ltr'>p.</span> <span class='ocrx_word' id='word_1_228' title='bbox 643 3558 793 3615; x_wconf 70' lang='lat' dir='ltr'>51d2</span> <span class='ocrx_word' id='word_1_229' title='bbox 843 3564 933 3614; x_wconf 85' lang='grc' dir='ltr'>καὶ</span> <span class='ocrx_word' id='word_1_230' title='bbox 971 3562 1075 3614; x_wconf 85' lang='grc' dir='ltr'>οὐκ</span> <span class='ocrx_word' id='word_1_231' title='bbox 1122 3562 1199 3626; x_wconf 87' lang='grc' dir='ltr'>εἰς</span> <span class='ocrx_word' id='word_1_232' title='bbox 1246 3563 1374 3628; x_wconf 84' lang='grc' dir='ltr'>μίαν</span> <span class='ocrx_word' id='word_1_233' title='bbox 1413 3565 1627 3632; x_wconf 84' lang='grc' dir='ltr'>ἡμέραν</span> <span class='ocrx_word' id='word_1_234' title='bbox 1663 3566 1978 3635; x_wconf 83' lang='grc' dir='ltr'>γεγένηται,</span> <span class='ocrx_word' id='word_1_235' title='bbox 2019 3569 2099 3631; x_wconf 82' lang='grc' dir='ltr'>ὡς</span> <span class='ocrx_word' id='word_1_236' title='bbox 2137 3568 2427 3634; x_wconf 80' lang='grc' dir='ltr'>ἐψεύσατο</span> 
     </span>
     <span class='ocr_line' id='line_1_32' title="bbox 341 3651 1669 3721; baseline 0.002 -17"><span class='ocrx_word' id='word_1_237' title='bbox 341 3651 373 3704; x_wconf 84' lang='grc' dir='ltr'>ὁ</span> <span class='ocrx_word' id='word_1_238' title='bbox 413 3651 704 3720; x_wconf 80' lang='grc' dir='ltr'>Θεόφιλος,</span> <span class='ocrx_word' id='word_1_239' title='bbox 741 3652 777 3717; x_wconf 88' lang='grc' dir='ltr'>ἡ</span> <span class='ocrx_word' id='word_1_240' title='bbox 820 3652 1079 3717; x_wconf 80' lang='grc' dir='ltr'>ἐξέτασις,</span> <span class='ocrx_word' id='word_1_241' title='bbox 1121 3651 1238 3705; x_wconf 85' lang='grc' dir='ltr'>ἀλλ’</span> <span class='ocrx_word' id='word_1_242' title='bbox 1279 3653 1369 3706; x_wconf 81' lang='grc' dir='ltr'>ἐπὶ</span> <span class='ocrx_word' id='word_1_243' title='bbox 1409 3654 1511 3706; x_wconf 82' lang='grc' dir='ltr'>δύο</span> <span class='ocrx_word' id='word_1_244' title='bbox 1552 3654 1669 3721; x_wconf 80' lang='grc' dir='ltr'><strong>ἔτη.</strong></span> 
     </span>
    </p>
   </div>
   <div class='ocr_carea' id='block_1_5' title="bbox 2541 3198 2551 4050">
    <p class='ocr_par' dir='ltr' id='par_1_8' title="bbox 2541 3198 2551 4050">
     <span class='ocr_line' id='line_1_33' title="bbox 2541 3198 2551 4050; baseline 0 0"><span class='ocrx_word' id='word_1_245' title='bbox 2541 3198 2551 4050; x_wconf 95' lang='lat' dir='ltr'> </span> 
     </span>
    </p>
   </div>
  </div>
 </body>
</html>
