2581 4081
1147 247 1211 315 1'5

125 431 315 505 dueis
363 444 684 503 tumultus
754 443 1121 502 immineret
1180 437 1285 518 (ἦν
1340 438 1461 517 γὰρ
1524 438 1750 516 Γαϊνᾶς
1809 436 1846 502 ὁ
1897 436 2217 518 βάρβαρος

124 547 161 611 ὁ
210 546 758 626 προσδοκώμενος
807 545 1085 624 θόρυβος
1135 552 1177 612 l.
1229 566 1284 609 ο.
1335 568 1398 625 p.
1445 546 1578 625 49).
1673 552 2024 611 Tumultus
2068 568 2225 610 vero

121 661 237 718 ille
288 658 603 718 Gothicus
650 659 900 716 exarsit
948 674 1171 716 mense
1219 659 1359 716 fere
1405 657 1571 716 Iulio
1620 676 1679 716 a.
1727 653 1879 734 400,
1930 657 2037 717 die
2085 660 2224 717 eius

122 767 374 824 mensis
428 765 557 823 XII
604 763 848 824 Gainas
919 779 1068 823 eum
1135 765 1270 822 suis
1335 765 1496 822 urbe
1567 764 1889 823 decedere
1960 772 2225 824 coaetus

126 879 227 930 est
254 868 325 945 ¹).
419 873 521 930 Ex
553 888 684 945 quo
718 872 995 930 efficitur
1041 886 1307 929 oausam
1341 871 1848 929 Antoninianam
1894 887 2050 929 vere
2084 873 2225 930 sive

127 979 316 1036 initio
366 978 632 1036 aestatis
680 978 834 1036 anni
866 972 997 1034 400
1031 978 1114 1035 ab
1142 976 1424 1035 Eusebio
1456 979 1697 1035 motam
1731 994 1893 1035 esse.
1950 978 2228 1053 Ioannes

128 1086 336 1160 igi‘tur
366 1087 499 1141 tres
546 1084 722 1141 misit
755 1084 1114 1157 episcopos,
1164 1084 1274 1157 qui
1325 1083 1544 1141 media
1585 1087 1833 1142 aestate
1882 1076 1986 1159 (ἦν
2034 1079 2104 1141 δὲ
2150 1078 2226 1141 τὸ

126 1183 484 1263 ἀκραιφνὲς
531 1187 646 1261 τῆς
695 1186 947 1261 θερινῆς
996 1181 1171 1261 ὥρας
1219 1191 1260 1247 l.
1312 1206 1366 1248 e.
1416 1207 1479 1263 p.
1528 1182 1640 1263 50)
1705 1191 1982 1263 profecti
2031 1196 2095 1249 et
2142 1191 2228 1248 ad

128 1314 269 1356 rem
342 1297 800 1370 inquirendam
865 1302 1195 1369 testesque
1260 1296 1738 1370 percontandos
1812 1288 2230 1373 septuaginta

130 1405 277 1462 dies
342 1405 411 1462 in
458 1403 617 1461 Asia
680 1403 924 1461 versati
992 1403 1240 1461 infecta
1304 1419 1374 1460 re
1445 1401 2070 1477 Constantinopolim
2135 1420 2230 1462 re-

133 1512 359 1568 deunt.
455 1510 634 1584 Quae
700 1525 849 1568 eum
919 1510 1010 1567 ita
1079 1510 1227 1579 sint,
1299 1509 1575 1584 Ludwig
1619 1504 1983 1568 ‘Johannes
2030 1509 2230 1584 Chry-

75 1619 82 1626 '
134 1624 461 1675 sostomus
494 1617 560 1674 in
594 1617 839 1674 seinem
872 1616 1279 1674 Verbaltniss
1327 1632 1474 1674 zum
1523 1616 1789 1689 byzant.
1838 1609 2005 1674 Hof'
2060 1610 2229 1674 1883

130 1741 197 1799 p.
233 1718 322 1782 46
371 1727 435 1781 et
483 1722 1073 1799 Gueldenpenning
1119 1716 1541 1783 ‘Gesehiohte
1590 1725 1705 1782 des
1753 1726 2056 1781 ostroem.
2090 1723 2231 1782 Rei·

133 1830 291 1888 ehes
357 1837 550 1889 unter
608 1832 735 1889 den
782 1832 1062 1889 Kaisern
1118 1831 1443 1888 Arcadius
1495 1832 1632 1889 und
1684 1831 2088 1889 Theodosius
2138 1823 2230 1888 II'

138 1929 315 1994 1885
362 1953 424 2011 p.
465 1932 585 1995 141
640 1941 704 1996 et
728 1936 957 1997 Gelzer
990 1939 1165 2013 apud
1193 1939 1763 1996 Krumbaeherum
1809 1934 2230 1997 ‘Gesehiohte

134 2046 259 2104 der
305 2048 568 2122 byzant.
604 2038 984 2104 Litteratur'
1037 2039 1202 2104 1897
1223 2042 1248 2080 2
1280 2063 1343 2121 p.
1370 2039 1502 2104 914
1535 2053 1757 2121 aperte
1791 2055 2033 2124 errant,
2082 2067 2229 2109 eum

136 2155 449 2213 Ioannem
498 2154 627 2211 iam
677 2152 860 2211 initio
909 2154 1063 2211 anni
1109 2147 1243 2210 400
1290 2154 1358 2210 in
1407 2153 1629 2210 Asiani
1676 2154 2039 2227 profectum
2088 2178 2228 2220 esse

138 2264 388 2320 dieunt.

319 2368 600 2437 Interea,
636 2367 791 2425 dum
807 2366 1362 2441 Constantinopoli
1392 2383 1495 2425 res
1529 2368 1746 2443 agitur
1766 2347 2226 2442 Antoniniana,

141 2476 510 2536 Antoninus
558 2477 697 2550 ipse
746 2475 920 2533 diem
954 2446 1330 2548 supremum
1377 2474 1514 2531 obit
1563 2480 1757 2547 atque
1805 2477 2066 2550 Ephesii
2114 2495 2234 2553 per

138 2585 392 2642 litteras
440 2583 750 2640 Ioannem
798 2580 1328 2656 Chrysostomum
1378 2580 1642 2650 adeunt,
1689 2588 1763 2639 ut
1809 2583 1948 2656 ipse
1996 2586 2080 2642 ad
2127 2601 2232 2643 res

140 2690 624 2748 ecclesiasticas
672 2689 1108 2746 restituendas
1156 2688 1222 2744 in
1256 2687 1479 2745 Asiam
1527 2688 1997 2762 proficiscatur.
2064 2690 2231 2749 Tum

142 2797 407 2854 demum
455 2796 664 2853 hieme
714 2788 1056 2869 (χειμερίας
1103 2790 1217 2865 τῆς
1267 2786 1442 2866 ὥρας
1489 2795 1531 2852 l.
1582 2809 1637 2852 ο.
1687 2811 1746 2869 p.
1798 2789 1908 2869 50)
1957 2796 2234 2855 Ioannes

141 2919 217 2961 eo
268 2919 338 2960 se
387 2902 659 2959 confert.
752 2902 895 2960 Non
963 2908 1179 2960 autem
1244 2902 1432 2959 initio
1499 2902 1651 2960 anni
1699 2896 1851 2972 401,
1922 2909 1993 2981 ut
2040 2903 2235 2961 Tille-

139 3012 323 3068 mont
370 3009 611 3082 aliique
659 3025 807 3067 eum
855 3010 1060 3068 seeuti
1098 3011 1515 3084 putaverunt,
1566 3009 1680 3067 sed
1727 3010 1855 3067 fine
1902 3010 2055 3067 anni
2101 3004 2230 3069 401

141 3117 250 3175 vel
299 3116 487 3174 initio
536 3118 689 3175 anni
736 3111 867 3174 402
917 3117 1038 3174 hoe
1098 3116 1221 3173 iter
1269 3123 1644 3190 susceptum
1691 3119 1808 3175 est.
1902 3115 2011 3174 Bis
2059 3119 2235 3178 enim

329 3389 380 3454 1)
423 3392 614 3444 Chron.
653 3392 835 3459 pasch.
874 3392 901 3443 Ι
941 3410 991 3459 p.
1030 3387 1303 3456 567‚12s.
1343 3390 1411 3441 D.
1487 3387 1577 3439 καὶ
1626 3384 1780 3453 αὐτῷ
1817 3390 1899 3454 τῷ
1940 3387 2050 3441 ἔτει
2088 3392 2144 3452 (i.
2185 3405 2230 3443 e.

142 3478 273 3542 400)
313 3477 646 3546 ἐσφάγησαν
686 3480 879 3532 Γότθοι
924 3480 1117 3531 πολλοὶ
1155 3478 1216 3530 ἐν
1251 3483 1337 3545 τῷ
1377 3476 1854 3543 Λαιμομακελλίῳ.
1893 3479 1981 3528 καὶ
2021 3477 2157 3542 ἐκάη
2198 3479 2233 3543 ἡ

141 3568 415 3632 ,ἐκκλησία
439 3573 556 3621 τῶν
597 3569 818 3622 Γότθων
859 3569 963 3621 σὺν
1000 3570 1190 3635 πολλῷ
1218 3567 1418 3632 πλήθει
1446 3567 1797 3634 Χριστιανῶν
1833 3565 1960 3629 μηνὶ
1986 3562 2235 3636 Πανέμῳ

143 3660 258 3728 πρὸ
290 3640 329 3712 ’ὃ
370 3659 508 3712 ἰδῶν
546 3660 804 3713 Ἰουλίων.
