2581 4081
389 1334 594 1393 Marci
629 1334 887 1393 diaconi
920 1335 1123 1394 vitam
1172 1353 1222 1394 s.
1256 1336 1603 1411 Porphyrii
1636 1336 1925 1411 episcopi
1959 1335 2271 1396 Gazensis

175 1457 327 1499 cum
363 1457 533 1499 anno
571 1434 742 1499 1895
782 1442 1126 1500 ederemus
1148 1436 1219 1516 1),
1270 1450 1635 1518 temporum
1668 1444 1960 1501 tabulam
2009 1443 2272 1504 adicere

172 1548 243 1606 in
292 1547 510 1607 animo
568 1552 727 1619 erat,
790 1548 907 1606 sed
955 1565 1104 1607 cum
1150 1550 1396 1608 multae
1444 1555 1785 1609 orerentur
1833 1550 2296 1622 difficultateS‚'

172 1671 343 1728 quae
391 1670 520 1728 qua
567 1670 727 1729 opus
775 1660 916 1713 erat
968 1656 1294 1714 brevitate
1343 1657 1508 1715 solvi
1555 1674 1685 1715 non
1734 1663 2105 1731 potuerunt,
2155 1659 2272 1717 sed

173 1761 442 1836 propria
486 1761 913 1838 indiguerunt
946 1763 1510 1834 commentatione,
1563 1763 1643 1822 de
1691 1764 1814 1822 hoc
1846 1764 2118 1822 consilio
2167 1764 2272 1822 de·

172 1868 475 1927 stitimus.
570 1868 777 1943 Quam
827 1869 909 1927 ob
968 1885 1106 1927 rem
1154 1870 1393 1947 omnia,
1460 1887 1628 1944 quae
1688 1870 1774 1928 ad
1820 1875 2184 1946 temporum
2232 1887 2273 1928 a

169 1975 391 2034 Marco
456 1976 966 2052 perscriptorum
1023 1976 1312 2035 rationes
1371 1982 1688 2052 spectant,
1751 1992 1947 2051 quam
2006 1991 2271 2036 accura-

170 2083 422 2142 tissime
470 2099 646 2142 nunc
692 2085 1051 2142 retractare
1111 2100 1187 2142 eo
1235 2085 1447 2160 magis
1493 2102 1530 2144 e
1577 2101 1649 2144 re
1698 2100 1839 2143 esse
1886 2085 2103 2143 visum
2150 2092 2267 2155 est,

171 2190 330 2263 quia
375 2190 503 2248 iam
537 2190 725 2248 novis
759 2189 1069 2248 subsidiis
1116 2190 1365 2249 munito
1413 2191 1571 2249 mihi
1603 2192 1774 2251 hanc
1821 2182 2269 2267 quaestionem

174 2296 453 2374 aggredi
500 2288 708 2355 licuit.

388 2402 645 2461 Etenim
725 2402 1076 2477 Porphyrii
1154 2403 1362 2461 vitam
1444 2402 1790 2462 edentibus
1873 2405 2002 2462 duo
2079 2387 2278 2463 nobis

172 2515 432 2583 praesto
511 2512 699 2567 erant
776 2509 1076 2567 codices:
1169 2509 1608 2568 Baroccianus
1678 2490 1753 2568 B⁴
1807 2515 1872 2569 et
1940 2510 2267 2569 Vindobo-

171 2616 396 2674 nensis
443 2614 521 2685 V,
589 2615 853 2674 tertium
903 2616 1379 2689 Hierosolymis
1436 2616 1504 2674 in
1551 2615 1951 2675 bibliotheca
1998 2617 2270 2692 patria-r-

172 2721 345 2779 chali
394 2721 720 2780 asservari
768 2722 889 2780 etsi
924 2729 1328 2797 compertum
1375 2722 1724 2781 habuimus
1775 2719 1886 2797 (cf.
1921 2724 2127 2799 praef.
2164 2724 2266 2783 ed.

171 2827 345 2903 Lips.
418 2845 481 2903 p.
529 2823 673 2905 XI),
753 2833 975 2888 tamen
1044 2829 1112 2888 in
1183 2846 1373 2889 usum
1432 2846 1669 2888 vocare
1739 2846 1868 2897 non
1917 2831 2266 2906 potuimus,

169 2935 361 2994 Nunc
417 2934 699 2993 eximiae
746 2934 1096 3009 Epiphanii
1144 2927 1745 3010 Hierosolymorum
1794 2933 2269 3013 archiepiscopi

170 3040 554 3100 liberalitati
624 3047 966 3115 acceptum
1013 3041 1248 3118 refer0,
1310 3043 1485 3115 quod
1545 3043 1626 3101 de
1672 3043 2000 3101 nonnullis
2059 3043 2269 3117 iisque

165 3135 581 3225 'gravissimis
650 3146 842 3206 huius
905 3147 1151 3206 codicis
1196 3145 1258 3206 H
1304 3147 1698 3208 lectionibus
1757 3149 1997 3208 certior
2056 3127 2268 3209 factus

174 3271 336 3313 sum.
431 3253 624 3314 Unde
683 3260 957 3328 apparet
1016 3270 1146 3311 non
1217 3255 1424 3312 solum
1485 3255 1851 3329 complures
1910 3256 2157 3314 codicis
2214 3257 2265 3315 B

174 3367 285 3420 aut
332 3360 390 3420 V
438 3367 552 3419 aut
598 3361 935 3420 amborum
984 3361 1254 3420 lacunas
1303 3360 1368 3419 in
1404 3360 1463 3419 H
1510 3378 1642 3419 non
1689 3368 1970 3439 exstare,
2021 3362 2136 3421 sed
2170 3380 2268 3422 co-

356 3579 410 3646 1)
448 3584 621 3634 Marci
669 3583 882 3634 diaconi
929 3584 1045 3634 vita
1081 3582 1365 3648 Porphyrii
1412 3583 1649 3647 episcopi
1687 3582 1947 3635 Gazensis
1995 3583 2135 3634 edid.
2184 3600 2267 3635 so-

177 3674 392 3725 ciet-atis
430 3673 748 3741 philologae
785 3673 1088 3725 Bonnensis
1127 3672 1358 3725 sodales.
1431 3672 1571 3723 Bibl.
1611 3672 1820 3724 Teubn.
1861 3667 2016 3724 1895.
