2581 4081
1354 235 1425 288 30

349 421 667 478 adeuntes
713 433 857 475 eam
915 417 1121 475 filium
1170 420 1506 491 parturam
1565 433 1706 473 esse
1755 416 2147 490 praedicunt
2194 408 2301 483 37,
2357 407 2439 470 12

348 519 544 594 -38,
600 519 679 582 12

525 626 651 688 401
703 631 831 688 fine
879 645 962 686 m.
1014 627 1151 687 Oct.
1221 629 1328 686 vel
1389 629 1619 702 paucis
1669 627 1904 686 diebus
1952 629 2098 701 post
2144 626 2441 685 Theodo-

352 738 487 796 sius
533 737 747 795 Minor
795 735 1088 793 nascitur
1115 731 1158 809 ¹)

529 839 652 901 401
707 844 954 916 septem
1004 841 1236 899 diebus
1284 845 1432 914 post
1478 841 1918 899 Theodosium
1965 839 2280 897 Minorem
2329 854 2442 896 na-

351 954 489 1009 tum
538 950 826 1024 episcopi
877 948 1247 1005 Eudoxiam
1299 949 1546 1006 adeunt
1592 949 1957 1024 Augustam
2008 940 2114 1022 39,
2170 940 2244 1001 11
2299 962 2349 1002 s.

530 1050 660 1114 402
732 1057 792 1114 d.
877 1057 942 1112 ,Y
1004 1074 1088 1112 m.
1162 1056 1310 1112 Ian.
1386 1056 1768 1113 Theodosius
1836 1053 2160 1129 Auyustus
2242 1053 2444 1110 decla-

353 1168 540 1222 ratur
562 1159 612 1238 ²)
1009 1142 1013 1147 ⁴

532 1263 664 1327 402
723 1269 937 1325 statim
988 1270 1133 1341 post
1193 1267 1547 1325 Theodosii
1608 1266 1935 1340 baptisma
1992 1264 2296 1322 Eudoxia
2351 1264 2443 1321 in-

358 1378 569 1435 stante
617 1374 907 1448 episcopi
941 1375 1025 1431 ab
1073 1373 1468 1447 imperatore
1503 1373 1869 1447 impetrant,
1920 1377 1991 1429 ut
2024 1370 2309 1428 edictum
2361 1370 2444 1427 de

357 1482 619 1556 templis
668 1480 1074 1540 Gazaeorum
1136 1480 1479 1538 diruendis
1545 1482 1609 1537 et
1675 1479 1756 1536 de
1816 1478 2182 1554 privilegiis
2242 1478 2445 1535 eccle-

359 1589 492 1646 siae
539 1586 942 1646 Christianae
993 1586 1227 1644 dandis
1273 1586 1509 1644 edatur
1555 1580 1662 1655 42,
1711 1580 1753 1643 5
1786 1602 1837 1642 s·

534 1687 666 1751 402
715 1694 910 1767 paulo
959 1695 1104 1767 post
1151 1692 1485 1769 Cynegius
1508 1688 1577 1768 ⁸),
1647 1693 1836 1750 homo
1897 1692 2209 1766 probatae
2268 1691 2445 1759 fidei,

359 1802 644 1877 eligitur,
694 1800 805 1874 qui
856 1798 1259 1859 Gazaeorum
1309 1801 1552 1873 templa
1600 1801 1819 1857 diruat
1864 1795 1971 1868 44,
2013 1793 2089 1856 17

539 1935 591 1998 1)
631 1938 710 1987 Cf.
748 1954 910 2003 supra
949 1954 999 2003 p.
1043 1934 1124 1988 13.
1177 1947 1181 1950 ’

538 2022 593 2091 2)
632 2026 962 2077 Testimonia
1001 2026 1150 2076 dabit
1175 2025 1392 2077 Sievers
1421 2025 1453 2075 l.
1484 2043 1527 2077 c.
1569 2043 1618 2092 p.
1640 2021 1760 2076 419.
1838 2025 2055 2092 Septem
2096 2025 2287 2076 diebus
2325 2031 2449 2088 post
2549 2020 2550 2023 ’

359 2116 719 2167 Theodosium
776 2121 962 2166 natum
1009 2115 1258 2165 Eudoxia
1314 2116 1577 2181 episcopis
1637 2115 1766 2164 dicit
1829 2112 1917 2176 40,
1956 2111 2024 2164 13
2089 2110 2207 2177 μετ’
2256 2110 2449 2174 ὀλίγας

359 2202 570 2268 ἡμέρας
616 2201 863 2254 ἀξιοῦται
909 2201 976 2254 τὸ
1024 2199 1247 2253 παιδίον
1283 2206 1387 2254 τοῦ
1427 2200 1587 2265 ἁγίου
1629 2200 2023 2267 βαπτίσματος.
2098 2204 2292 2269 Itaque
2329 2203 2450 2252 fieri

360 2294 550 2357 potuit,
607 2298 670 2342 ut
706 2292 1039 2343 Theodosius
1076 2294 1182 2342 iam
1223 2294 1324 2343 sub
1362 2293 1522 2343 finem
1568 2294 1694 2343 anni
1733 2288 1836 2342 401
1877 2293 2263 2354 baptizaretur.
2338 2292 2448 2342 Sed

256 2433 260 2437 Α
361 2383 527 2433 verba
578 2378 694 2442 μετ’
746 2378 936 2442 ὀλίγας
981 2379 1191 2445 ἡμέρας
1238 2389 1453 2448 tempus
1503 2382 1716 2448 longius
1754 2381 2056 2448 significare
2096 2396 2251 2446 posse
2290 2386 2450 2443 puta·

361 2471 531 2521 verim
570 2469 779 2521 collatis
817 2471 984 2535 ipsius
1023 2471 1190 2520 Marci
1231 2472 1410 2521 verbis
1448 2467 1532 2533 82,
1555 2467 1588 2519 6
1626 2467 1892 2531 ἐπιζήσας
1929 2465 1984 2532 (i.
2016 2485 2063 2519 e.
2093 2466 2449 2534 Porphyrius)

364 2557 503 2608 ἄλλα
541 2555 701 2619 ὀλίγα
738 2556 836 2621 ἔτη
879 2557 1016 2620 μετὰ
1052 2558 1119 2609 τὸ
1158 2556 1384 2619 ἁγιάσαι
1421 2557 1527 2620 τὴν
1573 2556 1818 2620 μεγάλην
1866 2554 2164 2620 ἐκκλησίαν
2203 2594 2217 2605 .
2257 2593 2269 2605 .
2312 2554 2452 2606 ἐκοι-

365 2645 531 2711 μήθη.
607 2649 743 2698 Nam
802 2648 1133 2713 Porphyrius
1183 2650 1445 2699 tredecim
1503 2648 1718 2698 demum
1778 2649 1932 2697 annis
1987 2655 2108 2710 post
2161 2645 2452 2697 ecclesiam
2551 2683 2552 2704 γ

364 2737 669 2787 dedicatam
709 2743 951 2787 mortuus
991 2744 1087 2787 est.
1164 2739 1358 2788 Nescio
1402 2738 1566 2803 igitur
1603 2752 1672 2787 an
1699 2737 1868 2786 conici
1895 2737 2062 2802 possit
2087 2735 2449 2785 Theodosium
2551 2753 2552 2804 f

362 2825 548 2876 eodem
590 2825 676 2874 die
716 2831 772 2875 et
810 2826 1142 2891 baptizatum
1181 2833 1237 2875 et
1257 2828 1564 2892 Augustum
1592 2826 1962 2875 renuntiatum
1991 2840 2125 2875 esse.
2167 2825 2247 2875 cf.
2286 2838 2453 2889 supra

364 2930 417 2978 p.
458 2910 540 2963 16.

542 2998 597 3066 3)
637 3001 770 3063 Quis
808 3002 973 3051 fuerit
1010 3002 1095 3051 hic
1117 3003 1392 3067 Cynegius
1429 3004 1531 3052 τοῦ
1573 2998 2012 3065 κωνσιστωρίου,
2057 2999 2196 3065 ἀνὴρ
2236 2998 2450 3062 θαυμά-

367 3103 485 3152 σιος
532 3091 620 3140 καὶ
668 3088 812 3142 ζέων
859 3091 983 3152 περὶ
1029 3087 1136 3152 τὴν
1182 3087 1369 3140 πίστιν
1420 3087 1526 3154 (44,
1569 3087 1658 3154 18)
1703 3092 1953 3157 indagari
1990 3092 2094 3141 iam
2139 3106 2244 3141 non
2296 3105 2454 3154 posse

367 3181 598 3231 videtur.
673 3181 847 3230 Notus
886 3186 968 3229 est
995 3180 1271 3245 Cynegius
1307 3179 1492 3229 consul
1520 3181 1649 3229 anni
1687 3176 1807 3242 388,
1849 3181 1959 3245 qui,
1998 3196 2120 3229 cum
2144 3179 2455 3245 praefectus

369 3274 512 3320 esset
531 3269 766 3330 orientis,
805 3269 1121 3333 gravissime
1141 3269 1195 3317 in
1216 3282 1458 3333 paganos
1480 3268 1750 3318 consuluit
1771 3274 1827 3318 et
1847 3269 2106 3330 imprimis
2125 3269 2180 3317 in
2201 3267 2456 3333 Aegypto

370 3356 613 3423 gentium
648 3355 931 3405 simulacra
974 3357 1185 3406 evertit.
1251 3355 1333 3405 cf.
1372 3357 1564 3405 Zosim.
1603 3356 1679 3406 IV
1719 3352 1806 3405 37.
1843 3351 1929 3407 45.
2004 3357 2076 3406 At
2113 3357 2158 3405 is
2195 3356 2300 3405 iam
2339 3357 2457 3419 ipso

369 3443 681 3494 consulatus
717 3459 856 3494 anno
896 3451 1136 3494 mortuus
1176 3451 1272 3494 est.
1334 3444 1413 3493 Cf.
1442 3443 1581 3493 Idat.
1609 3443 1789 3493 chron.
1818 3444 1885 3494 ad
1915 3460 2116 3493 annum
2156 3440 2277 3494 388.
2355 3442 2456 3509 Cy-

370 3534 591 3599 negium
626 3538 809 3582 autem
849 3547 882 3579 a
920 3531 1101 3581 Marco
1141 3538 1613 3604 commemoratum
1660 3532 1887 3582 fortasse
1937 3533 1988 3581 ei
2034 3547 2235 3596 genere
2283 3532 2458 3597 proxi·

372 3638 517 3677 mum
558 3621 722 3670 fuisse
761 3620 1009 3669 conicias.
