<?xml version="1.0" encoding="UTF-8"?>
<!DOCTYPE html PUBLIC "-//W3C//DTD XHTML 1.0 Transitional//EN"
    "http://www.w3.org/TR/xhtml1/DTD/xhtml1-transitional.dtd">
<html xmlns="http://www.w3.org/1999/xhtml" xml:lang="en" lang="en">
 <head>
  <title>
</title>
<meta http-equiv="Content-Type" content="text/html;charset=utf-8" />
  <meta name='ocr-system' content='tesseract 3.04.00' />
  <meta name='ocr-capabilities' content='ocr_page ocr_carea ocr_par ocr_line ocrx_word'/>
</head>
<body>
  <div class='ocr_page' id='page_1' title='image "./demarcidiaconiv00nuthgoog_0008.png"; bbox 0 0 2581 4081; ppageno 0'>
   <div class='ocr_carea' id='block_1_1' title="bbox 1374 215 1407 269">
    <p class='ocr_par' dir='ltr' id='par_1_1' title="bbox 1374 215 1407 269">
     <span class='ocr_line' id='line_1_1' title="bbox 1374 215 1407 269; baseline 0 0"><span class='ocrx_word' id='word_1_1' title='bbox 1374 215 1407 269; x_wconf 87' lang='lat'>6</span> 
     </span>
    </p>
   </div>
   <div class='ocr_carea' id='block_1_2' title="bbox 256 395 2566 3671">
    <p class='ocr_par' dir='ltr' id='par_1_2' title="bbox 342 395 2441 564">
     <span class='ocr_line' id='line_1_2' title="bbox 342 395 2441 473; baseline 0.001 -17"><span class='ocrx_word' id='word_1_2' title='bbox 342 395 553 456; x_wconf 88' lang='lat' dir='ltr'>dicem</span> <span class='ocrx_word' id='word_1_3' title='bbox 600 398 662 458; x_wconf 90' lang='lat' dir='ltr'><strong>H</strong></span> <span class='ocrx_word' id='word_1_4' title='bbox 727 397 923 457; x_wconf 86' lang='lat' dir='ltr'>etiam</span> <span class='ocrx_word' id='word_1_5' title='bbox 1000 398 1176 457; x_wconf 90' lang='lat' dir='ltr'>haud</span> <span class='ocrx_word' id='word_1_6' title='bbox 1252 398 1482 473; x_wconf 89' lang='lat' dir='ltr'>paucis</span> <span class='ocrx_word' id='word_1_7' title='bbox 1558 398 1720 457; x_wconf 91' lang='lat' dir='ltr'>locis</span> <span class='ocrx_word' id='word_1_8' title='bbox 1785 398 2056 459; x_wconf 85' lang='lat' dir='ltr'>meliora</span> <span class='ocrx_word' id='word_1_9' title='bbox 2131 398 2260 458; x_wconf 88' lang='lat' dir='ltr'>illis</span> <span class='ocrx_word' id='word_1_10' title='bbox 2327 416 2441 459; x_wconf 83' lang='lat' dir='ltr'>ex-</span> 
     </span>
     <span class='ocr_line' id='line_1_3' title="bbox 343 504 586 564; baseline 0.008 -2"><span class='ocrx_word' id='word_1_11' title='bbox 343 504 586 564; x_wconf 79' lang='lat' dir='ltr'>hibere.</span> 
     </span>
    </p>

    <p class='ocr_par' dir='ltr' id='par_1_3' title="bbox 342 610 2440 794">
     <span class='ocr_line' id='line_1_4' title="bbox 555 610 2440 687; baseline -0.001 -17"><span class='ocrx_word' id='word_1_12' title='bbox 555 610 741 685; x_wconf 83' lang='lat' dir='ltr'>Quod</span> <span class='ocrx_word' id='word_1_13' title='bbox 812 618 883 670; x_wconf 90' lang='lat' dir='ltr'>ut</span> <span class='ocrx_word' id='word_1_14' title='bbox 950 610 1447 681; x_wconf 79' lang='lat' dir='ltr'>demonstretur,</span> <span class='ocrx_word' id='word_1_15' title='bbox 1519 611 1857 687; x_wconf 86' lang='lat' dir='ltr'>graviores</span> <span class='ocrx_word' id='word_1_16' title='bbox 1929 613 2120 671; x_wconf 89' lang='lat' dir='ltr'>huius</span> <span class='ocrx_word' id='word_1_17' title='bbox 2190 611 2440 671; x_wconf 87' lang='lat' dir='ltr'>codicis</span> 
     </span>
     <span class='ocr_line' id='line_1_5' title="bbox 342 717 2302 794; baseline 0.001 -18"><span class='ocrx_word' id='word_1_18' title='bbox 342 717 653 776; x_wconf 87' lang='lat' dir='ltr'>lectiones</span> <span class='ocrx_word' id='word_1_19' title='bbox 701 717 766 774; x_wconf 92' lang='lat' dir='ltr'>in</span> <span class='ocrx_word' id='word_1_20' title='bbox 817 717 1112 776; x_wconf 82' lang='lat' dir='ltr'>ordine-m</span> <span class='ocrx_word' id='word_1_21' title='bbox 1162 718 1453 793; x_wconf 86' lang='lat' dir='ltr'>digestas</span> <span class='ocrx_word' id='word_1_22' title='bbox 1502 718 1563 775; x_wconf 88' lang='lat' dir='ltr'>in</span> <span class='ocrx_word' id='word_1_23' title='bbox 1615 718 1901 776; x_wconf 89' lang='lat' dir='ltr'>medium</span> <span class='ocrx_word' id='word_1_24' title='bbox 1953 718 2302 794; x_wconf 86' lang='lat' dir='ltr'>proferam.</span> 
     </span>
    </p>

    <p class='ocr_par' dir='ltr' id='par_1_4' title="bbox 340 821 2506 1649">
     <span class='ocr_line' id='line_1_6' title="bbox 554 821 2439 899; baseline 0.002 -18"><span class='ocrx_word' id='word_1_25' title='bbox 554 823 650 881; x_wconf 92' lang='lat' dir='ltr'>Ac</span> <span class='ocrx_word' id='word_1_26' title='bbox 697 823 978 898; x_wconf 88' lang='lat' dir='ltr'>primum</span> <span class='ocrx_word' id='word_1_27' title='bbox 1027 824 1290 899; x_wconf 89' lang='lat' dir='ltr'>quidem</span> <span class='ocrx_word' id='word_1_28' title='bbox 1354 824 1567 883; x_wconf 83' lang='lat' dir='ltr'>codex</span> <span class='ocrx_word' id='word_1_29' title='bbox 1613 821 1675 882; x_wconf 92' lang='lat' dir='ltr'>H</span> <span class='ocrx_word' id='word_1_30' title='bbox 1733 840 1772 881; x_wconf 87' lang='lat' dir='ltr'>a</span> <span class='ocrx_word' id='word_1_31' title='bbox 1819 825 2045 884; x_wconf 87' lang='lat' dir='ltr'>codice</span> <span class='ocrx_word' id='word_1_32' title='bbox 2096 825 2150 884; x_wconf 92' lang='lat' dir='ltr'>V</span> <span class='ocrx_word' id='word_1_33' title='bbox 2200 826 2439 884; x_wconf 88' lang='lat' dir='ltr'>discre-</span> 
     </span>
     <span class='ocr_line' id='line_1_7' title="bbox 341 924 2441 1010; baseline 0.001 -23"><span class='ocrx_word' id='word_1_34' title='bbox 341 946 506 1005; x_wconf 81' lang='lat' dir='ltr'>pans</span> <span class='ocrx_word' id='word_1_35' title='bbox 554 947 702 988; x_wconf 90' lang='lat' dir='ltr'>cum</span> <span class='ocrx_word' id='word_1_36' title='bbox 739 931 790 989; x_wconf 93' lang='lat' dir='ltr'>B</span> <span class='ocrx_word' id='word_1_37' title='bbox 839 931 1160 989; x_wconf 77' lang='lat' dir='ltr'>consentit</span> <span class='ocrx_word' id='word_1_38' title='bbox 1205 931 1368 989; x_wconf 88' lang='lat' dir='ltr'>locis</span> <span class='ocrx_word' id='word_1_39' title='bbox 1415 931 1547 990; x_wconf 84' lang='lat' dir='ltr'>his:</span> <span class='ocrx_word' id='word_1_40' title='bbox 1621 924 1681 1001; x_wconf 89' lang='grc'>8,</span> <span class='ocrx_word' id='word_1_41' title='bbox 1716 925 1802 989; x_wconf 83' lang='grc'>20</span> <span class='ocrx_word' id='word_1_42' title='bbox 1849 929 2073 1010; x_wconf 81' lang='grc' dir='ltr'>πολλῷ</span> <span class='ocrx_word' id='word_1_43' title='bbox 2122 927 2191 990; x_wconf 79' lang='grc' dir='ltr'>δὲ</span> <span class='ocrx_word' id='word_1_44' title='bbox 2241 926 2441 990; x_wconf 85' lang='grc' dir='ltr'>πλέον</span> 
     </span>
     <span class='ocr_line' id='line_1_8' title="bbox 340 1030 2506 1109; baseline 0 -14"><span class='ocrx_word' id='word_1_45' title='bbox 340 1035 479 1109; x_wconf 83' lang='grc' dir='ltr'>τοῖς</span> <span class='ocrx_word' id='word_1_46' title='bbox 527 1031 811 1108; x_wconf 87' lang='grc' dir='ltr'>γνησίως</span> <span class='ocrx_word' id='word_1_47' title='bbox 870 1032 971 1094; x_wconf 83' lang='grc' dir='ltr'>καὶ</span> <span class='ocrx_word' id='word_1_48' title='bbox 1019 1030 1370 1108; x_wconf 85' lang='grc' dir='ltr'>εἰλικρινῶς</span> <span class='ocrx_word' id='word_1_49' title='bbox 1421 1031 1749 1109; x_wconf 79' lang='grc' dir='ltr'>δεομένοις</span> <span class='ocrx_word' id='word_1_50' title='bbox 1799 1031 1997 1095; x_wconf 85' lang='grc' dir='ltr'>αὐτόν</span> <span class='ocrx_word' id='word_1_51' title='bbox 2044 1038 2158 1096; x_wconf 92' lang='grc' dir='ltr'>ΒΗ</span> <span class='ocrx_word' id='word_1_52' title='bbox 2207 1055 2331 1096; x_wconf 85' lang='grc' dir='ltr'>οιιι.</span> <span class='ocrx_word' id='word_1_53' title='bbox 2359 1038 2439 1097; x_wconf 89' lang='lat' dir='ltr'>V.</span> <span class='ocrx_word' id='word_1_54' title='bbox 2497 1037 2506 1043; x_wconf 85' lang='grc'><strong>’</strong></span> 
     </span>
     <span class='ocr_line' id='line_1_9' title="bbox 348 1136 2438 1221; baseline 0 -19"><span class='ocrx_word' id='word_1_55' title='bbox 348 1139 449 1218; x_wconf 80' lang='grc'>12,</span> <span class='ocrx_word' id='word_1_56' title='bbox 484 1138 569 1201; x_wconf 82' lang='grc'>20</span> <span class='ocrx_word' id='word_1_57' title='bbox 600 1137 910 1220; x_wconf 83' lang='grc' dir='ltr'>Πραϋλίῳ</span> <span class='ocrx_word' id='word_1_58' title='bbox 958 1142 1049 1221; x_wconf 82' lang='grc' dir='ltr'>τῷ</span> <span class='ocrx_word' id='word_1_59' title='bbox 1083 1137 1416 1220; x_wconf 83' lang='grc' dir='ltr'>ἑπισκόπῳ</span> <span class='ocrx_word' id='word_1_60' title='bbox 1454 1136 1921 1216; x_wconf 84' lang='grc' dir='ltr'>Ἱεροσολύμων</span> <span class='ocrx_word' id='word_1_61' title='bbox 1952 1145 2068 1203; x_wconf 90' lang='grc' dir='ltr'>ΒΗ</span> <span class='ocrx_word' id='word_1_62' title='bbox 2102 1146 2226 1203; x_wconf 90' lang='lat' dir='ltr'>nisi</span> <span class='ocrx_word' id='word_1_63' title='bbox 2261 1146 2438 1218; x_wconf 91' lang='lat' dir='ltr'>quod</span> 
     </span>
     <span class='ocr_line' id='line_1_10' title="bbox 341 1242 2439 1330; baseline 0 -21"><span class='ocrx_word' id='word_1_64' title='bbox 341 1251 432 1330; x_wconf 82' lang='grc' dir='ltr'>τῷ</span> <span class='ocrx_word' id='word_1_65' title='bbox 480 1251 696 1308; x_wconf 90' lang='lat' dir='ltr'>omisit</span> <span class='ocrx_word' id='word_1_66' title='bbox 747 1249 803 1307; x_wconf 92' lang='lat' dir='ltr'>H</span> <span class='ocrx_word' id='word_1_67' title='bbox 853 1242 1372 1322; x_wconf 85' lang='grc' dir='ltr'>πραροσολύμων</span> <span class='ocrx_word' id='word_1_68' title='bbox 1420 1249 1495 1311; x_wconf 90' lang='lat' dir='ltr'>V.</span> <span class='ocrx_word' id='word_1_69' title='bbox 1596 1245 1697 1318; x_wconf 77' lang='lat'>12,</span> <span class='ocrx_word' id='word_1_70' title='bbox 1733 1244 1819 1308; x_wconf 79' lang='lat'>25</span> <span class='ocrx_word' id='word_1_71' title='bbox 1877 1245 2194 1328; x_wconf 79' lang='grc' dir='ltr'>ἐπιλῦσαι,</span> <span class='ocrx_word' id='word_1_72' title='bbox 2244 1249 2439 1309; x_wconf 83' lang='grc' dir='ltr'>τοῦτο</span> 
     </span>
     <span class='ocr_line' id='line_1_11' title="bbox 344 1332 2441 1429; baseline -0 -12"><span class='ocrx_word' id='word_1_73' title='bbox 344 1354 414 1417; x_wconf 81' lang='grc' dir='ltr'>δὲ</span> <span class='ocrx_word' id='word_1_74' title='bbox 480 1350 648 1429; x_wconf 85' lang='grc' dir='ltr'>εἶχεν</span> <span class='ocrx_word' id='word_1_75' title='bbox 707 1332 836 1415; x_wconf 74' lang='grc' dir='ltr'>ἀπὸ</span> <span class='ocrx_word' id='word_1_76' title='bbox 903 1350 1299 1429; x_wconf 86' lang='grc' dir='ltr'>χαρίσματος</span> <span class='ocrx_word' id='word_1_77' title='bbox 1370 1349 1732 1429; x_wconf 87' lang='grc' dir='ltr'>πνεύματος</span> <span class='ocrx_word' id='word_1_78' title='bbox 1806 1350 1991 1427; x_wconf 84' lang='grc' dir='ltr'>ἁγίου</span> <span class='ocrx_word' id='word_1_79' title='bbox 2062 1358 2176 1416; x_wconf 92' lang='grc' dir='ltr'>ΒΗ</span> <span class='ocrx_word' id='word_1_80' title='bbox 2249 1356 2441 1416; x_wconf 87' lang='grc' dir='ltr'>λῦσαι</span> 
     </span>
     <span class='ocr_line' id='line_1_12' title="bbox 347 1457 2439 1537; baseline 0.002 -14"><span class='ocrx_word' id='word_1_81' title='bbox 347 1507 361 1523; x_wconf 95' lang='grc'><strong>.</strong></span> <span class='ocrx_word' id='word_1_82' title='bbox 399 1506 462 1522; x_wconf 93' lang='grc'>..</span> <span class='ocrx_word' id='word_1_83' title='bbox 512 1457 906 1537; x_wconf 88' lang='grc' dir='ltr'>χαρίσματος</span> <span class='ocrx_word' id='word_1_84' title='bbox 955 1480 1079 1522; x_wconf 87' lang='lat' dir='ltr'>om.</span> <span class='ocrx_word' id='word_1_85' title='bbox 1130 1463 1205 1521; x_wconf 92' lang='lat' dir='ltr'>V.</span> <span class='ocrx_word' id='word_1_86' title='bbox 1301 1458 1408 1537; x_wconf 79' lang='lat'>42,</span> <span class='ocrx_word' id='word_1_87' title='bbox 1461 1460 1491 1521; x_wconf 92' lang='lat'>1</span> <span class='ocrx_word' id='word_1_88' title='bbox 1558 1458 1746 1536; x_wconf 88' lang='grc' dir='ltr'>γήινα</span> <span class='ocrx_word' id='word_1_89' title='bbox 1804 1465 1920 1524; x_wconf 89' lang='grc' dir='ltr'>ΒΗ</span> <span class='ocrx_word' id='word_1_90' title='bbox 1981 1459 2149 1536; x_wconf 92' lang='grc' dir='ltr'>λέγει</span> <span class='ocrx_word' id='word_1_91' title='bbox 2206 1459 2314 1523; x_wconf 81' lang='grc' dir='ltr'>ἵνα</span> <span class='ocrx_word' id='word_1_92' title='bbox 2359 1465 2439 1527; x_wconf 94' lang='lat' dir='ltr'>V.</span> 
     </span>
     <span class='ocr_line' id='line_1_13' title="bbox 347 1564 1861 1649; baseline -0.002 -20"><span class='ocrx_word' id='word_1_93' title='bbox 347 1565 450 1640; x_wconf 87' lang='lat'>79,</span> <span class='ocrx_word' id='word_1_94' title='bbox 486 1565 749 1628; x_wconf 77' lang='lat'>20—22</span> <span class='ocrx_word' id='word_1_95' title='bbox 799 1564 958 1649; x_wconf 85' lang='grc' dir='ltr'>αὐτῇ</span> <span class='ocrx_word' id='word_1_96' title='bbox 995 1612 1009 1627; x_wconf 94' lang='grc'><strong>.</strong></span> <span class='ocrx_word' id='word_1_97' title='bbox 1048 1613 1062 1627; x_wconf 92' lang='grc'><strong>.</strong></span> <span class='ocrx_word' id='word_1_98' title='bbox 1097 1564 1402 1642; x_wconf 89' lang='grc' dir='ltr'>παρέχειν</span> <span class='ocrx_word' id='word_1_99' title='bbox 1449 1570 1564 1630; x_wconf 90' lang='grc' dir='ltr'>ΒΗ</span> <span class='ocrx_word' id='word_1_100' title='bbox 1612 1587 1737 1629; x_wconf 88' lang='lat' dir='ltr'>om.</span> <span class='ocrx_word' id='word_1_101' title='bbox 1786 1570 1861 1629; x_wconf 90' lang='lat' dir='ltr'>V.</span> 
     </span>
    </p>

    <p class='ocr_par' dir='ltr' id='par_1_5' title="bbox 256 1676 2566 2484">
     <span class='ocr_line' id='line_1_14' title="bbox 557 1676 2443 1752; baseline -0.001 -16"><span class='ocrx_word' id='word_1_102' title='bbox 557 1677 726 1736; x_wconf 82' lang='lat' dir='ltr'>Tum</span> <span class='ocrx_word' id='word_1_103' title='bbox 786 1678 995 1735; x_wconf 82' lang='lat' dir='ltr'>codex</span> <span class='ocrx_word' id='word_1_104' title='bbox 1045 1676 1107 1735; x_wconf 91' lang='lat' dir='ltr'>H</span> <span class='ocrx_word' id='word_1_105' title='bbox 1154 1694 1193 1735; x_wconf 87' lang='lat' dir='ltr'>a</span> <span class='ocrx_word' id='word_1_106' title='bbox 1240 1677 1289 1735; x_wconf 91' lang='lat' dir='ltr'>B</span> <span class='ocrx_word' id='word_1_107' title='bbox 1350 1677 1733 1752; x_wconf 82' lang='lat' dir='ltr'>discrepans</span> <span class='ocrx_word' id='word_1_108' title='bbox 1804 1693 1953 1736; x_wconf 90' lang='lat' dir='ltr'>cum</span> <span class='ocrx_word' id='word_1_109' title='bbox 2003 1677 2057 1736; x_wconf 93' lang='lat' dir='ltr'><strong>V</strong></span> <span class='ocrx_word' id='word_1_110' title='bbox 2119 1680 2443 1736; x_wconf 84' lang='lat' dir='ltr'>consentit</span> 
     </span>
     <span class='ocr_line' id='line_1_15' title="bbox 256 1762 2566 1865; baseline -0 -21"><span class='ocrx_word' id='word_1_111' title='bbox 256 1762 261 1773; x_wconf 76' lang='lat'><strong>.</strong></span> <span class='ocrx_word' id='word_1_112' title='bbox 342 1779 449 1855; x_wconf 88' lang='lat'>43,</span> <span class='ocrx_word' id='word_1_113' title='bbox 476 1778 540 1856; x_wconf 82' lang='lat'>5,</span> <span class='ocrx_word' id='word_1_114' title='bbox 588 1793 660 1843; x_wconf 88' lang='lat' dir='ltr'>ut</span> <span class='ocrx_word' id='word_1_115' title='bbox 708 1783 1226 1858; x_wconf 85' lang='lat' dir='ltr'>praetermittam</span> <span class='ocrx_word' id='word_1_116' title='bbox 1273 1784 1482 1841; x_wconf 85' lang='lat' dir='ltr'>verba</span> <span class='ocrx_word' id='word_1_117' title='bbox 1528 1778 1635 1854; x_wconf 82' lang='lat'>27,</span> <span class='ocrx_word' id='word_1_118' title='bbox 1671 1778 1711 1841; x_wconf 87' lang='grc'>6</span> <span class='ocrx_word' id='word_1_119' title='bbox 1744 1814 1831 1822; x_wconf 92' lang='lat'><em>-</em></span> <span class='ocrx_word' id='word_1_120' title='bbox 1865 1777 1972 1862; x_wconf 89' lang='lat'>30,</span> <span class='ocrx_word' id='word_1_121' title='bbox 2009 1779 2049 1842; x_wconf 87' lang='grc'>6</span> <span class='ocrx_word' id='word_1_122' title='bbox 2098 1785 2165 1843; x_wconf 93' lang='lat' dir='ltr'>in</span> <span class='ocrx_word' id='word_1_123' title='bbox 2214 1785 2443 1843; x_wconf 87' lang='lat' dir='ltr'>codice</span> <span class='ocrx_word' id='word_1_124' title='bbox 2565 1846 2566 1865; x_wconf 19' lang='grc' dir='ltr'>ἶ</span> 
     </span>
     <span class='ocr_line' id='line_1_16' title="bbox 343 1890 2566 1965; baseline -0 -14"><span class='ocrx_word' id='word_1_125' title='bbox 343 1893 394 1951; x_wconf 96' lang='grc' dir='ltr'>Β</span> <span class='ocrx_word' id='word_1_126' title='bbox 464 1892 620 1950; x_wconf 86' lang='lat' dir='ltr'>folio</span> <span class='ocrx_word' id='word_1_127' title='bbox 700 1891 867 1948; x_wconf 87' lang='lat' dir='ltr'>forte</span> <span class='ocrx_word' id='word_1_128' title='bbox 940 1890 1164 1948; x_wconf 84' lang='lat' dir='ltr'>evulso</span> <span class='ocrx_word' id='word_1_129' title='bbox 1236 1890 1579 1965; x_wconf 89' lang='lat' dir='ltr'>deperdita</span> <span class='ocrx_word' id='word_1_130' title='bbox 1656 1891 1722 1948; x_wconf 93' lang='lat' dir='ltr'>in</span> <span class='ocrx_word' id='word_1_131' title='bbox 1793 1890 1855 1949; x_wconf 92' lang='lat' dir='ltr'>H</span> <span class='ocrx_word' id='word_1_132' title='bbox 1924 1897 2205 1950; x_wconf 87' lang='lat' dir='ltr'>exstare.</span> <span class='ocrx_word' id='word_1_133' title='bbox 2308 1891 2444 1950; x_wconf 92' lang='lat' dir='ltr'>Isto</span> <span class='ocrx_word' id='word_1_134' title='bbox 2565 1896 2566 1941; x_wconf 77' lang='grc' dir='ltr'>ἰ</span> 
     </span>
     <span class='ocr_line' id='line_1_17' title="bbox 345 1986 2566 2072; baseline -0.001 -15"><span class='ocrx_word' id='word_1_135' title='bbox 345 1998 519 2058; x_wconf 91' lang='lat' dir='ltr'>enim</span> <span class='ocrx_word' id='word_1_136' title='bbox 566 1997 730 2072; x_wconf 90' lang='lat' dir='ltr'>loc0,</span> <span class='ocrx_word' id='word_1_137' title='bbox 797 2012 963 2071; x_wconf 89' lang='lat' dir='ltr'>quae</span> <span class='ocrx_word' id='word_1_138' title='bbox 1015 1996 1067 2055; x_wconf 93' lang='lat' dir='ltr'><strong>V</strong></span> <span class='ocrx_word' id='word_1_139' title='bbox 1116 1997 1389 2072; x_wconf 87' lang='lat' dir='ltr'>praebet</span> <span class='ocrx_word' id='word_1_140' title='bbox 1449 1997 1673 2067; x_wconf 87' lang='lat' dir='ltr'>verba,</span> <span class='ocrx_word' id='word_1_141' title='bbox 1741 1997 1808 2056; x_wconf 90' lang='lat' dir='ltr'>in</span> <span class='ocrx_word' id='word_1_142' title='bbox 1859 1997 1907 2055; x_wconf 93' lang='lat' dir='ltr'>B</span> <span class='ocrx_word' id='word_1_143' title='bbox 1969 1998 2208 2057; x_wconf 88' lang='lat' dir='ltr'>omissa</span> <span class='ocrx_word' id='word_1_144' title='bbox 2258 1996 2445 2072; x_wconf 85' lang='grc' dir='ltr'>βαρυ-</span> <span class='ocrx_word' id='word_1_145' title='bbox 2565 1986 2566 1993; x_wconf 54' lang='lat'><em>&#39;</em></span> 
     </span>
     <span class='ocr_line' id='line_1_18' title="bbox 342 2080 2446 2179; baseline 0 -16"><span class='ocrx_word' id='word_1_146' title='bbox 342 2100 497 2179; x_wconf 93' lang='grc' dir='ltr'>τέρα</span> <span class='ocrx_word' id='word_1_147' title='bbox 545 2100 616 2163; x_wconf 81' lang='grc' dir='ltr'>δὲ</span> <span class='ocrx_word' id='word_1_148' title='bbox 663 2099 765 2161; x_wconf 86' lang='grc' dir='ltr'>καὶ</span> <span class='ocrx_word' id='word_1_149' title='bbox 813 2097 849 2175; x_wconf 85' lang='grc' dir='ltr'>ἡ</span> <span class='ocrx_word' id='word_1_150' title='bbox 899 2097 1283 2175; x_wconf 89' lang='grc' dir='ltr'>παραίτησις</span> <span class='ocrx_word' id='word_1_151' title='bbox 1346 2080 1610 2161; x_wconf 82' lang='lat' dir='ltr'>exstant</span> <span class='ocrx_word' id='word_1_152' title='bbox 1657 2103 1724 2161; x_wconf 90' lang='lat' dir='ltr'>in</span> <span class='ocrx_word' id='word_1_153' title='bbox 1782 2104 1864 2179; x_wconf 93' lang='lat' dir='ltr'>H,</span> <span class='ocrx_word' id='word_1_154' title='bbox 1923 2105 2048 2161; x_wconf 90' lang='lat' dir='ltr'>nisi</span> <span class='ocrx_word' id='word_1_155' title='bbox 2106 2105 2281 2178; x_wconf 92' lang='lat' dir='ltr'>quod</span> <span class='ocrx_word' id='word_1_156' title='bbox 2340 2100 2446 2163; x_wconf 89' lang='grc' dir='ltr'>καί</span> 
     </span>
     <span class='ocr_line' id='line_1_19' title="bbox 346 2209 2447 2283; baseline -0.001 -13"><span class='ocrx_word' id='word_1_157' title='bbox 346 2213 548 2271; x_wconf 85' lang='lat' dir='ltr'>deest.</span> <span class='ocrx_word' id='word_1_158' title='bbox 645 2212 856 2283; x_wconf 86' lang='lat' dir='ltr'>Atque</span> <span class='ocrx_word' id='word_1_159' title='bbox 904 2216 1081 2267; x_wconf 87' lang='lat' dir='ltr'>recte</span> <span class='ocrx_word' id='word_1_160' title='bbox 1128 2209 1298 2267; x_wconf 89' lang='lat' dir='ltr'>hanc</span> <span class='ocrx_word' id='word_1_161' title='bbox 1355 2225 1585 2267; x_wconf 88' lang='lat' dir='ltr'>vocem</span> <span class='ocrx_word' id='word_1_162' title='bbox 1646 2209 1712 2266; x_wconf 91' lang='lat' dir='ltr'>in</span> <span class='ocrx_word' id='word_1_163' title='bbox 1765 2210 1822 2266; x_wconf 92' lang='lat' dir='ltr'>H</span> <span class='ocrx_word' id='word_1_164' title='bbox 1871 2210 2099 2267; x_wconf 86' lang='lat' dir='ltr'>deesse</span> <span class='ocrx_word' id='word_1_165' title='bbox 2149 2227 2224 2268; x_wconf 90' lang='lat' dir='ltr'>eo</span> <span class='ocrx_word' id='word_1_166' title='bbox 2274 2226 2447 2268; x_wconf 88' lang='lat' dir='ltr'>com-</span> 
     </span>
     <span class='ocr_line' id='line_1_20' title="bbox 345 2310 2442 2393; baseline 0 -18"><span class='ocrx_word' id='word_1_167' title='bbox 345 2318 680 2393; x_wconf 88' lang='lat' dir='ltr'>probatur,</span> <span class='ocrx_word' id='word_1_168' title='bbox 750 2317 923 2390; x_wconf 89' lang='lat' dir='ltr'>quod</span> <span class='ocrx_word' id='word_1_169' title='bbox 973 2317 1039 2374; x_wconf 93' lang='lat' dir='ltr'>in</span> <span class='ocrx_word' id='word_1_170' title='bbox 1089 2316 1372 2390; x_wconf 84' lang='lat' dir='ltr'>epitome</span> <span class='ocrx_word' id='word_1_171' title='bbox 1420 2331 1676 2388; x_wconf 90' lang='lat' dir='ltr'>quoque</span> <span class='ocrx_word' id='word_1_172' title='bbox 1724 2314 2022 2373; x_wconf 81' lang='lat' dir='ltr'>Parisina</span> <span class='ocrx_word' id='word_1_173' title='bbox 2069 2312 2169 2390; x_wconf 86' lang='lat' dir='ltr'>(P)</span> <span class='ocrx_word' id='word_1_174' title='bbox 2218 2333 2280 2391; x_wconf 89' lang='lat' dir='ltr'>p.</span> <span class='ocrx_word' id='word_1_175' title='bbox 2332 2310 2442 2386; x_wconf 83' lang='lat'>88,</span> 
     </span>
     <span class='ocr_line' id='line_1_21' title="bbox 353 2419 884 2484; baseline 0.002 -3"><span class='ocrx_word' id='word_1_176' title='bbox 353 2419 430 2483; x_wconf 89' lang='lat'>13</span> <span class='ocrx_word' id='word_1_177' title='bbox 480 2425 719 2484; x_wconf 87' lang='lat' dir='ltr'>omissa</span> <span class='ocrx_word' id='word_1_178' title='bbox 766 2431 884 2482; x_wconf 89' lang='lat' dir='ltr'>est.</span> 
     </span>
    </p>

    <p class='ocr_par' dir='ltr' id='par_1_6' title="bbox 344 2528 2451 3671">
     <span class='ocr_line' id='line_1_22' title="bbox 556 2528 2445 2603; baseline 0.001 -15"><span class='ocrx_word' id='word_1_179' title='bbox 556 2530 851 2603; x_wconf 90' lang='lat' dir='ltr'>Denique</span> <span class='ocrx_word' id='word_1_180' title='bbox 903 2530 1114 2588; x_wconf 83' lang='lat' dir='ltr'>codex</span> <span class='ocrx_word' id='word_1_181' title='bbox 1160 2530 1221 2587; x_wconf 92' lang='lat' dir='ltr'>H</span> <span class='ocrx_word' id='word_1_182' title='bbox 1270 2536 1335 2586; x_wconf 89' lang='lat' dir='ltr'>et</span> <span class='ocrx_word' id='word_1_183' title='bbox 1383 2546 1421 2585; x_wconf 88' lang='lat' dir='ltr'>a</span> <span class='ocrx_word' id='word_1_184' title='bbox 1469 2529 1517 2586; x_wconf 92' lang='lat' dir='ltr'><strong>B</strong></span> <span class='ocrx_word' id='word_1_185' title='bbox 1567 2539 1630 2586; x_wconf 87' lang='lat' dir='ltr'>et</span> <span class='ocrx_word' id='word_1_186' title='bbox 1677 2545 1716 2586; x_wconf 87' lang='lat' dir='ltr'>a</span> <span class='ocrx_word' id='word_1_187' title='bbox 1749 2528 1806 2587; x_wconf 94' lang='lat' dir='ltr'><strong>V</strong></span> <span class='ocrx_word' id='word_1_188' title='bbox 1856 2529 2238 2603; x_wconf 86' lang='lat' dir='ltr'>discrepans</span> <span class='ocrx_word' id='word_1_189' title='bbox 2287 2547 2445 2589; x_wconf 90' lang='lat' dir='ltr'>non-</span> 
     </span>
     <span class='ocr_line' id='line_1_23' title="bbox 347 2630 2445 2710; baseline 0 -16"><span class='ocrx_word' id='word_1_190' title='bbox 347 2637 541 2696; x_wconf 89' lang='lat' dir='ltr'>nullis</span> <span class='ocrx_word' id='word_1_191' title='bbox 609 2637 772 2694; x_wconf 88' lang='lat' dir='ltr'>locis</span> <span class='ocrx_word' id='word_1_192' title='bbox 841 2636 1175 2694; x_wconf 89' lang='lat' dir='ltr'>meliorem</span> <span class='ocrx_word' id='word_1_193' title='bbox 1256 2635 1524 2692; x_wconf 86' lang='lat' dir='ltr'>exhibet</span> <span class='ocrx_word' id='word_1_194' title='bbox 1602 2635 1976 2710; x_wconf 78' lang='lat' dir='ltr'>lectionem:</span> <span class='ocrx_word' id='word_1_195' title='bbox 2077 2632 2132 2700; x_wconf 83' lang='lat'>1.</span> <span class='ocrx_word' id='word_1_196' title='bbox 2190 2630 2272 2692; x_wconf 91' lang='lat'>14</span> <span class='ocrx_word' id='word_1_197' title='bbox 2331 2637 2445 2696; x_wconf 88' lang='lat' dir='ltr'>BV</span> 
     </span>
     <span class='ocr_line' id='line_1_24' title="bbox 344 2733 2444 2817; baseline -0.001 -17"><span class='ocrx_word' id='word_1_198' title='bbox 344 2745 661 2817; x_wconf 88' lang='lat' dir='ltr'>praebent</span> <span class='ocrx_word' id='word_1_199' title='bbox 686 2736 722 2799; x_wconf 88' lang='grc' dir='ltr'>ὁ</span> <span class='ocrx_word' id='word_1_200' title='bbox 748 2737 985 2815; x_wconf 91' lang='grc' dir='ltr'>χρόνος</span> <span class='ocrx_word' id='word_1_201' title='bbox 1023 2735 1443 2814; x_wconf 92' lang='grc' dir='ltr'>παραφθείρει</span> <span class='ocrx_word' id='word_1_202' title='bbox 1471 2733 1595 2798; x_wconf 82' lang='grc' dir='ltr'>εἴτε</span> <span class='ocrx_word' id='word_1_203' title='bbox 1622 2736 2012 2814; x_wconf 80' lang='grc' dir='ltr'>διαφθείρεις</span> <span class='ocrx_word' id='word_1_204' title='bbox 2040 2734 2164 2799; x_wconf 78' lang='grc' dir='ltr'>ε’ίτε</span> <span class='ocrx_word' id='word_1_205' title='bbox 2191 2735 2294 2798; x_wconf 89' lang='grc' dir='ltr'>διὰ</span> <span class='ocrx_word' id='word_1_206' title='bbox 2325 2741 2444 2815; x_wconf 86' lang='grc' dir='ltr'>τῆς</span> 
     </span>
     <span class='ocr_line' id='line_1_25' title="bbox 348 2842 2446 2922; baseline -0 -15"><span class='ocrx_word' id='word_1_207' title='bbox 348 2844 546 2921; x_wconf 87' lang='grc' dir='ltr'>λήθης</span> <span class='ocrx_word' id='word_1_208' title='bbox 596 2842 720 2907; x_wconf 82' lang='grc' dir='ltr'>εἴτε</span> <span class='ocrx_word' id='word_1_209' title='bbox 769 2843 873 2907; x_wconf 89' lang='grc' dir='ltr'>διὰ</span> <span class='ocrx_word' id='word_1_210' title='bbox 920 2847 1034 2921; x_wconf 90' lang='grc' dir='ltr'>τῆς</span> <span class='ocrx_word' id='word_1_211' title='bbox 1084 2842 1517 2922; x_wconf 81' lang='grc' dir='ltr'>ῥαδιουργίας.</span> <span class='ocrx_word' id='word_1_212' title='bbox 1587 2847 1806 2906; x_wconf 88' lang='lat' dir='ltr'>Verba</span> <span class='ocrx_word' id='word_1_213' title='bbox 1853 2842 1978 2905; x_wconf 85' lang='grc' dir='ltr'>εἴτε</span> <span class='ocrx_word' id='word_1_214' title='bbox 2027 2843 2446 2922; x_wconf 78' lang='grc' dir='ltr'>διαφθείρεις,</span> 
     </span>
     <span class='ocr_line' id='line_1_26' title="bbox 347 2954 2445 3029; baseline 0 -15"><span class='ocrx_word' id='word_1_215' title='bbox 347 2972 514 3029; x_wconf 89' lang='lat' dir='ltr'>quae</span> <span class='ocrx_word' id='word_1_216' title='bbox 563 2972 711 3013; x_wconf 90' lang='lat' dir='ltr'>cum</span> <span class='ocrx_word' id='word_1_217' title='bbox 774 2972 967 3014; x_wconf 88' lang='lat' dir='ltr'>sensu</span> <span class='ocrx_word' id='word_1_218' title='bbox 1029 2961 1322 3025; x_wconf 89' lang='lat' dir='ltr'>careant,</span> <span class='ocrx_word' id='word_1_219' title='bbox 1393 2954 1751 3029; x_wconf 89' lang='lat' dir='ltr'>Hauptium</span> <span class='ocrx_word' id='word_1_220' title='bbox 1801 2955 2007 3012; x_wconf 90' lang='lat' dir='ltr'>secuti</span> <span class='ocrx_word' id='word_1_221' title='bbox 2057 2955 2445 3026; x_wconf 74' lang='lat' dir='ltr'>delevimUS,</span> 
     </span>
     <span class='ocr_line' id='line_1_27' title="bbox 347 3053 2451 3133; baseline 0 -13"><span class='ocrx_word' id='word_1_222' title='bbox 347 3079 476 3120; x_wconf 91' lang='lat' dir='ltr'>non</span> <span class='ocrx_word' id='word_1_223' title='bbox 525 3063 951 3120; x_wconf 88' lang='lat' dir='ltr'>inveniuntur</span> <span class='ocrx_word' id='word_1_224' title='bbox 997 3062 1073 3119; x_wconf 59' lang='lat' dir='ltr'>in«</span> <span class='ocrx_word' id='word_1_225' title='bbox 1113 3061 1193 3118; x_wconf 90' lang='lat' dir='ltr'>H.</span> <span class='ocrx_word' id='word_1_226' title='bbox 1289 3054 1350 3129; x_wconf 88' lang='lat'>9,</span> <span class='ocrx_word' id='word_1_227' title='bbox 1400 3054 1434 3117; x_wconf 93' lang='lat'><strong>7</strong></span> <span class='ocrx_word' id='word_1_228' title='bbox 1496 3053 1613 3117; x_wconf 83' lang='grc' dir='ltr'>οὐκ</span> <span class='ocrx_word' id='word_1_229' title='bbox 1666 3054 1736 3117; x_wconf 82' lang='grc' dir='ltr'>ἐν</span> <span class='ocrx_word' id='word_1_230' title='bbox 1797 3056 2229 3133; x_wconf 89' lang='grc' dir='ltr'>προσποιήσει</span> <span class='ocrx_word' id='word_1_231' title='bbox 2298 3054 2451 3120; x_wconf 38' lang='grc' dir='ltr'>ἀλλ’3</span> 
     </span>
     <span class='ocr_line' id='line_1_28' title="bbox 346 3159 2448 3245; baseline 0.001 -19"><span class='ocrx_word' id='word_1_232' title='bbox 346 3162 611 3245; x_wconf 85' lang='grc' dir='ltr'>ἀληθείᾳ</span> <span class='ocrx_word' id='word_1_233' title='bbox 644 3168 727 3243; x_wconf 92' lang='lat' dir='ltr'>H,</span> <span class='ocrx_word' id='word_1_234' title='bbox 777 3162 895 3226; x_wconf 84' lang='grc' dir='ltr'>οὐκ</span> <span class='ocrx_word' id='word_1_235' title='bbox 942 3162 1012 3225; x_wconf 83' lang='grc' dir='ltr'>ἑν</span> <span class='ocrx_word' id='word_1_236' title='bbox 1060 3161 1494 3240; x_wconf 91' lang='grc' dir='ltr'>προσποιήσει</span> <span class='ocrx_word' id='word_1_237' title='bbox 1527 3162 1631 3224; x_wconf 87' lang='grc' dir='ltr'>καὶ</span> <span class='ocrx_word' id='word_1_238' title='bbox 1663 3159 1926 3243; x_wconf 88' lang='grc' dir='ltr'>ἀληθείᾳ</span> <span class='ocrx_word' id='word_1_239' title='bbox 1975 3167 2102 3226; x_wconf 90' lang='lat' dir='ltr'>BV.</span> <span class='ocrx_word' id='word_1_240' title='bbox 2198 3168 2448 3229; x_wconf 90' lang='lat' dir='ltr'>Verum</span> 
     </span>
     <span class='ocr_line' id='line_1_29' title="bbox 347 3275 2449 3351; baseline 0.001 -19"><span class='ocrx_word' id='word_1_241' title='bbox 347 3275 549 3351; x_wconf 85' lang='lat' dir='ltr'>igitur</span> <span class='ocrx_word' id='word_1_242' title='bbox 598 3276 922 3351; x_wconf 88' lang='lat' dir='ltr'>Hauptius</span> <span class='ocrx_word' id='word_1_243' title='bbox 982 3282 1319 3333; x_wconf 89' lang='lat' dir='ltr'>assecutus</span> <span class='ocrx_word' id='word_1_244' title='bbox 1375 3278 1490 3344; x_wconf 88' lang='lat' dir='ltr'>est,</span> <span class='ocrx_word' id='word_1_245' title='bbox 1564 3291 1680 3332; x_wconf 88' lang='lat' dir='ltr'>nos</span> <span class='ocrx_word' id='word_1_246' title='bbox 1727 3275 1794 3331; x_wconf 90' lang='lat' dir='ltr'>in</span> <span class='ocrx_word' id='word_1_247' title='bbox 1842 3275 1984 3332; x_wconf 94' lang='lat' dir='ltr'>loco</span> <span class='ocrx_word' id='word_1_248' title='bbox 2034 3276 2449 3334; x_wconf 87' lang='lat' dir='ltr'>emendando</span> 
     </span>
     <span class='ocr_line' id='line_1_30' title="bbox 346 3375 2449 3458; baseline 0 -18"><span class='ocrx_word' id='word_1_249' title='bbox 346 3383 732 3441; x_wconf 85' lang='lat' dir='ltr'>erravimus.</span> <span class='ocrx_word' id='word_1_250' title='bbox 826 3376 933 3451; x_wconf 77' lang='lat'>29,</span> <span class='ocrx_word' id='word_1_251' title='bbox 970 3375 1008 3440; x_wconf 89' lang='grc'>8</span> <span class='ocrx_word' id='word_1_252' title='bbox 1060 3376 1183 3439; x_wconf 85' lang='grc' dir='ltr'>σὺν</span> <span class='ocrx_word' id='word_1_253' title='bbox 1215 3381 1288 3458; x_wconf 87' lang='grc' dir='ltr'>τῇ</span> <span class='ocrx_word' id='word_1_254' title='bbox 1325 3376 1572 3452; x_wconf 85' lang='grc' dir='ltr'>γυναικὶ</span> <span class='ocrx_word' id='word_1_255' title='bbox 1605 3376 1708 3438; x_wconf 85' lang='grc' dir='ltr'>καὶ</span> <span class='ocrx_word' id='word_1_256' title='bbox 1740 3380 1831 3458; x_wconf 82' lang='grc' dir='ltr'>τῷ</span> <span class='ocrx_word' id='word_1_257' title='bbox 1868 3376 2088 3453; x_wconf 84' lang='grc' dir='ltr'>βρέφει</span> <span class='ocrx_word' id='word_1_258' title='bbox 2136 3380 2217 3450; x_wconf 90' lang='grc' dir='ltr'>Η,</span> <span class='ocrx_word' id='word_1_259' title='bbox 2267 3384 2449 3455; x_wconf 90' lang='lat' dir='ltr'>quod</span> 
     </span>
     <span class='ocr_line' id='line_1_31' title="bbox 347 3480 2449 3562; baseline -0 -15"><span class='ocrx_word' id='word_1_260' title='bbox 347 3491 415 3548; x_wconf 92' lang='lat' dir='ltr'>in</span> <span class='ocrx_word' id='word_1_261' title='bbox 448 3490 868 3548; x_wconf 85' lang='lat' dir='ltr'>adnotatione</span> <span class='ocrx_word' id='word_1_262' title='bbox 902 3489 1133 3548; x_wconf 87' lang='lat' dir='ltr'>critica</span> <span class='ocrx_word' id='word_1_263' title='bbox 1166 3488 1583 3558; x_wconf 82' lang='lat' dir='ltr'>coniecimuS,</span> <span class='ocrx_word' id='word_1_264' title='bbox 1629 3482 1704 3545; x_wconf 88' lang='grc' dir='ltr'>τὸ</span> <span class='ocrx_word' id='word_1_265' title='bbox 1740 3481 1981 3560; x_wconf 86' lang='grc' dir='ltr'>βρέφος</span> <span class='ocrx_word' id='word_1_266' title='bbox 2015 3485 2146 3544; x_wconf 91' lang='lat' dir='ltr'>BV.</span> <span class='ocrx_word' id='word_1_267' title='bbox 2222 3480 2327 3562; x_wconf 81' lang='lat'>29,</span> <span class='ocrx_word' id='word_1_268' title='bbox 2356 3483 2449 3546; x_wconf 82' lang='lat'>23</span> 
     </span>
     <span class='ocr_line' id='line_1_32' title="bbox 347 3589 2451 3671; baseline -0 -17"><span class='ocrx_word' id='word_1_269' title='bbox 347 3589 741 3669; x_wconf 87' lang='grc' dir='ltr'>μαρτύρομαί</span> <span class='ocrx_word' id='word_1_270' title='bbox 801 3604 876 3654; x_wconf 92' lang='grc' dir='ltr'>σε</span> <span class='ocrx_word' id='word_1_271' title='bbox 934 3595 1014 3671; x_wconf 95' lang='grc' dir='ltr'>Η,</span> <span class='ocrx_word' id='word_1_272' title='bbox 1087 3595 1260 3653; x_wconf 92' lang='lat' dir='ltr'>idem</span> <span class='ocrx_word' id='word_1_273' title='bbox 1333 3610 1449 3653; x_wconf 90' lang='lat' dir='ltr'>nos</span> <span class='ocrx_word' id='word_1_274' title='bbox 1517 3595 1934 3663; x_wconf 79' lang='lat' dir='ltr'>coniecimuS,</span> <span class='ocrx_word' id='word_1_275' title='bbox 2008 3590 2451 3666; x_wconf 84' lang='grc' dir='ltr'>μαρτυροῦμαί</span> 
     </span>
    </p>
   </div>
   <div class='ocr_carea' id='block_1_3' title="bbox 2560 427 2565 1269">
    <p class='ocr_par' dir='ltr' id='par_1_7' title="bbox 2560 427 2565 1269">
     <span class='ocr_line' id='line_1_33' title="bbox 2560 427 2565 1269; baseline 0 0"><span class='ocrx_word' id='word_1_276' title='bbox 2560 427 2565 1269; x_wconf 95' lang='lat' dir='ltr'> </span> 
     </span>
    </p>
   </div>
   <div class='ocr_carea' id='block_1_4' title="bbox 2564 1573 2570 2816">
    <p class='ocr_par' dir='ltr' id='par_1_8' title="bbox 2564 1573 2570 2816">
     <span class='ocr_line' id='line_1_34' title="bbox 2564 1573 2570 2816; baseline 0 0"><span class='ocrx_word' id='word_1_277' title='bbox 2564 1573 2570 2816; x_wconf 95' lang='lat' dir='ltr'> </span> 
     </span>
    </p>
   </div>
  </div>
 </body>
</html>
