2581 4081
1329 196 1399 264 48

312 377 714 449 κατέπαυσεν
759 383 975 463 Ἰακὼβ
1024 382 1414 448 ἐπιτάσσων.
1485 390 1580 451 Of.
1630 390 1710 450 H.
1761 391 1901 451 Anz
1947 380 2292 453 ‘Subsidia
2339 388 2451 455 ad

313 497 838 572 cognoscendum
871 494 1270 555 Graecorum
1304 511 1668 556 sermonem
1715 498 2054 575 volgarem
2101 517 2138 559 e
2188 508 2448 576 penta-

311 605 529 664 teuchi
576 606 878 663 versione
927 604 1378 663 Alexandrina
1425 605 1704 679 repetita
1756 599 1928 664 1894
1976 602 2080 681 (=
2138 607 2447 667 Dissert.

310 712 655 771 Hallenses
701 706 855 786 XII)
905 727 968 786 p.
1016 704 1123 773 38.
1185 711 1534 770 Praeterea
1568 712 1653 770 cf.
1687 711 1957 787 Niceph.
2006 729 2069 771 v.
2106 713 2451 774 Andreae

312 816 445 877 Sali
493 817 627 875 AA.
678 815 785 877 SS.
832 817 960 875 Mai
1007 816 1098 876 VI
1144 833 1207 892 p.
1256 810 1433 874 44Μ
1495 810 1604 875 ὅτε
1677 814 1747 876 δὲ
1795 812 1832 876 ὁ
1892 812 2163 891 ἑωθινὸς
2206 812 2448 894 ὕμνος

312 918 730 983 κατέπαυσεν.
799 923 952 983 Vita
980 923 1178 981 Marc.
1210 923 1445 982 Athen.
1477 924 1613 982 AA.
1646 923 1753 984 SS.
1787 925 1970 984 Mart.
2023 926 2118 985 III
2150 944 2213 1002 p.
2237 921 2401 986 34*
2422 921 2454 963 f

312 1025 594 1105 σήμερον
619 1023 1071 1102 καταλιμπάνει
1103 1024 1143 1102 ἡ
1177 1025 1351 1103 ψυχή
1391 1045 1512 1104 μου
1546 1025 1620 1089 τὸ
1656 1026 1947 1104 παθητὸν
1979 1031 2172 1091 τοῦτο
2217 1032 2448 1108 σῶμα

309 1133 411 1196 καὶ
482 1131 825 1210 ἀπέρχεται
890 1135 1004 1195 τοῦ
1074 1135 1482 1195 καταπαῦσαι
1552 1132 1623 1196 ἐν
1691 1137 1918 1212 μοναῑς
1988 1138 2179 1212 ζωῆς.
2255 1140 2446 1202 Vita

307 1243 570 1305 Ioannis
625 1246 762 1304 AA.
834 1244 941 1305 SS.
1014 1244 1199 1303 Mart.
1272 1244 1368 1303 III
1432 1262 1494 1320 p.
1544 1237 1726 1305 36*b
1793 1243 1960 1333 ζητῶ
2018 1241 2240 1318 τόπον,
2307 1242 2444 1309 ἵνα

308 1345 726 1410 καταπαύσω.
2379 1386 2384 1387 ff

486 1459 712 1533 Neque
769 1460 981 1536 magis
1029 1459 1490 1537 offendendum
1551 1475 1784 1518 censeo
1832 1459 2049 1538 in.iiS‚
2119 1477 2300 1535 quae
2350 1480 2436 1539 p.

307 1558 521 1635 38,11
554 1582 604 1624 s.
653 1566 979 1642 leguntur,
1048 1558 1242 1638 οὗτος
1313 1560 1434 1639 γάρ
1505 1561 1682 1625 ἐστιν
1749 1561 1786 1625 ὁ
1837 1563 1961 1641 μὴν
2020 1560 2253 1640 ἔνατος
2310 1566 2438 1630 καὶ

306 1665 497 1744 ἐγγύς
546 1665 723 1730 ἐστιν
767 1670 883 1730 τοῦ
932 1670 1290 1750 πληρῶσαι,
1368 1690 1495 1747 quo
1543 1675 1685 1732 loco
1750 1671 2156 1747 πληρῶσαι
2222 1675 2434 1738 idem

309 1786 407 1838 est
454 1780 629 1853 quod
676 1777 1112 1852 πληρωθῆναι.
1183 1779 1496 1840 Similiter
1543 1781 1717 1839 enim
1763 1781 1977 1841 Malal.
2005 1799 2065 1857 p.
2098 1775 2252 1853 361,
2285 1777 2332 1841 3
2364 1801 2431 1850 s,

295 1881 387 1960 ,ἦν
432 1880 554 1959 γὰρ
601 1874 1242 1961 ἀναθρεψάμενοςῇ
1293 1903 1348 1946 e.
1400 1883 1782 1961 Antiochus)
1830 1883 1946 1946 τὸν
1993 1882 2193 1948 αὐτὸν
2241 1885 2432 1951 Θεο-
2551 1898 2557 1961 i

308 1989 535 2054 δόσιον
579 1988 648 2052 ἑν
693 1994 769 2073 τῇ
818 1992 947 2073 ζωῇ
987 1990 1100 2052 τοῦ
1169 1987 1367 2053 αὐτοῦ
1426 1990 1670 2068 πατρὸς
1722 1989 1812 2068 ὡς
1871 1989 2428 2075 κουβικουλάριος

304 2098 406 2161 καὶ
456 2101 712 2160 διοικῶν
759 2094 889 2159 ἀπὸ
938 2098 1053 2159 τοῦ
1113 2094 1312 2159 αὐτοῦ
1373 2097 1618 2175 πατρὸς
1678 2097 2011 2176 Ἀρκαδίου
2054 2100 2172 2176 τὴν
2218 2104 2429 2167 πολι-

303 2203 479 2268 τείαν
524 2202 874 2282 Ῥωμαίων.
919 2204 1019 2266 καὶ
1057 2201 1261 2281 ἔμεινε
1310 2203 1465 2281 μετὰ
1496 2204 1572 2266 τὸ
1608 2207 1948 2283 πληρῶσαι
1995 2205 2317 2295 αὐτὸνοβ.
2355 2233 2423 2275 e.

303 2323 649 2393 postquam
695 2315 1099 2374 Theodosius
1147 2315 1410 2374 adultus
1459 2312 1580 2390 est)
1640 2309 1731 2388 ὡς
1793 2311 2120 2389 πατρίκιος
2170 2333 2424 2377 καταυ-

305 2420 549 2483 Θεντῶν
595 2419 710 2480 τοῦ
761 2416 958 2479 αὐτοῦ
1006 2415 1381 2481 Θεοδοσίου.
1486 2466 1490 2470 .

483 2529 951 2588 Accusativi
998 2544 1198 2601 usum
1221 2529 1393 2588 inter
1425 2543 1647 2588 omnes
1695 2534 1949 2587 constat
1995 2529 2064 2587 in
2098 2546 2422 2595 sermone

301 2653 539 2715 graeco
587 2637 653 2695 in
704 2635 844 2694 dies
910 2636 1313 2693 increbuisse
1380 2652 1656 2709 eumque
1723 2636 1962 2694 sensim
2030 2642 2422 2701 ceterorum

302 2760 569 2803 casuum
595 2743 1027 2816 obliquorum,
1077 2742 1363 2800 maxime
1397 2741 1605 2800 dativi
1637 2742 1852 2801 locum
1892 2742 1984 2800 ita
2016 2758 2418 2820 occupasse,

299 2855 372 2910 ut
417 2851 486 2908 in
533 2850 760 2926 lingua
826 2864 1192 2925 neograeca
1258 2848 1520 2907 dativus
1586 2848 1779 2923 plane
1851 2849 2266 2909 oblitteratus
2339 2861 2420 2913 et

304 2957 586 3016 abolitus
635 2957 717 3015 sit
736 2951 807 3030 ¹).

477 3063 622 3123 Non
692 3063 927 3122 mirum
997 3062 1218 3139 igitur,
1290 3061 1466 3136 quod
1536 3064 1713 3138 apud
1781 3061 2070 3127 Marcum
2132 3077 2414 3144 quoque

300 3172 505 3230 verba
553 3171 819 3247 aliquot,
877 3185 1043 3244 quae
1091 3171 1175 3230 ab
1223 3170 1409 3228 initio
1458 3186 1606 3229 cum
1654 3152 1960 3247 genetivo
2008 3176 2121 3229 aut
2166 3171 2412 3232 dativo

301 3277 890 3354 coniungebantur‚
940 3278 1389 3336 accusativum
1422 3278 1793 3336 admittunt.
1859 3278 2054 3338 Velut
2101 3294 2163 3353 p.
2215 3271 2277 3348 8,
2307 3274 2413 3339 20

301 3386 561 3445 codices
608 3385 659 3443 B
706 3391 772 3444 et
817 3385 877 3444 H
934 3391 1113 3444 recte
1169 3387 1487 3461 praebent
1554 3382 1777 3464 πολλῷ
1850 3380 1921 3443 δὲ
1983 3379 2186 3444 πλέον
2250 3384 2407 3460 τοῖς

479 3606 533 3677 1)
573 3610 652 3661 cf.
693 3607 1018 3662 Hatzidakis
1056 3609 1091 3660 1.
1133 3624 1177 3662 c.
1219 3626 1270 3678 p.
1312 3606 1420 3662 220
1438 3627 1480 3663 s.
