2581 4081
1139 264 1209 320 17

119 464 267 505 esse
316 445 566 504 dicunt.
658 446 859 505 Multo
894 447 1067 505 enim
1099 446 1362 505 facilius
1409 463 1449 504 a
1480 447 1954 522 posterioribus
2000 463 2220 508 rerum

121 553 557 628 scriptoribus
603 552 867 610 Ioannis
922 568 1160 611 nomen
1206 552 1403 629 longe
1451 554 1953 614 celeberrimum
2001 555 2066 613 in
2117 554 2222 616 Se-

119 660 381 718 veriani
428 659 666 734 locum,
726 674 923 733 quam
970 659 1163 717 huius
1221 674 1341 734 pro
1401 659 1513 717 illo
1576 661 1883 720 substitui
1930 662 2221 737 potuisse

122 771 639 825 consentaneum
685 768 800 823 est.
867 764 1104 824 Nescio
1137 768 1358 825 autem
1390 782 1476 824 an
1508 766 1603 825 illi
1637 783 1945 827 eorumve
1994 773 2224 827 auctor

125 872 334 948 ipsius
380 872 644 930 Ioannis
692 871 914 930 verbis
963 872 1267 931 commoti
1316 873 1423 932 vel
1471 873 1687 949 potius
1737 874 1996 950 decepti
2057 875 2223 934 haec

126 978 544 1038 tradiderint.
591 978 757 1037 Nam
798 978 1077 1037 Ioannes
1125 975 1217 1054 (in
1267 996 1564 1039 sermone
1612 986 1759 1056 post
1804 982 2090 1041 reditum
2138 983 2223 1040 ab

129 1086 331 1144 exilio
411 1082 586 1144 PGM
666 1084 781 1143 LII
862 1101 924 1159 p.
988 1078 1147 1159 445)
1219 1086 1591 1146 Eudoxiam
1660 1088 2029 1165 Augustam
2106 1085 2257 1164 per'

129 1191 383 1250 litteras
431 1191 556 1250 sibi
606 1191 932 1250 dicentem
990 1192 1155 1251 facit
1212 1184 1545 1271 μέμνημαι,
1613 1187 1712 1253 ὅτι
1769 1189 1874 1252 διὰ
1928 1192 2060 1253 τῶν
2108 1210 2228 1268 χει-

132 1296 267 1372 ρῶν
324 1296 455 1357 τῶν
502 1295 642 1356 σῶν
687 1292 766 1356 τὰ
813 1293 1036 1357 παιδία
1079 1294 1160 1357 τὰ
1206 1294 1326 1373 ἐμὰ
1373 1294 1741 1374 ἐβαπτίσθη.
1836 1300 2091 1377 Quibus
2139 1318 2226 1360 ex

133 1406 355 1465 verbis
402 1406 714 1483 colligere
760 1406 1026 1465 minime
1075 1407 1230 1465 licet
1276 1423 1546 1466 omnes
1593 1408 1936 1468 Eudoxiae
1982 1409 2226 1466 liberos

135 1514 217 1571 ab
266 1513 511 1571 Ioanne
557 1511 923 1587 baptizatos
970 1529 1134 1571 esse.

312 1618 613 1679 Vidimus
661 1634 820 1695 ergo
852 1618 1296 1678 Theodosium
1326 1621 1641 1680 Minorem
1688 1621 1907 1680 Marco
1956 1626 2225 1680 auctore

64 1774 69 1777 »
134 1731 419 1785 exeunte
467 1742 689 1784 mense
737 1723 1009 1785 Octobri
1057 1742 1115 1784 a.
1164 1721 1290 1784 401
1354 1729 1461 1786 vel
1519 1727 1749 1802 paucis
1798 1728 2032 1788 diebus
2079 1736 2227 1803 post

130 1836 358 1892 natum
405 1849 565 1891 esse.
660 1832 966 1892 Attamen
1014 1832 1098 1892 ab
1149 1833 1452 1892 omnibus
1508 1834 1647 1892 fere
1694 1850 1914 1893 rerum
1961 1830 2228 1910 scripto-

130 1941 316 1997 ribus
373 1948 446 1997 ¹et
513 1934 1089 2014 chronographis1)
1157 1954 1309 1997 eum
1375 1939 1481 1998 die
1527 1936 1592 1998 X
1647 1957 1733 2002 m.
1781 1934 2025 2015 Aprilis
2072 1941 2226 1999 anni

129 2039 256 2104 401
312 2047 377 2105 in
425 2047 644 2104 lucem
704 2046 953 2104 editum
1014 2062 1156 2105 esse
1204 2047 1509 2105 traditur.
1605 2046 1958 2122 Quaeritur
2002 2048 2225 2126 igitur,

132 2156 353 2211 utrum
385 2153 604 2211 Marco
653 2169 736 2211 an
783 2153 1300 2230 chronographis
1342 2154 1553 2212 maior
1584 2155 1667 2212 sit
1700 2155 2004 2214 habenda
2042 2156 2225 2216 fides·

133 2262 349 2333 Atque
399 2261 681 2334 primum
728 2259 995 2334 quidem
1026 2260 1246 2319 Marco
1295 2261 1495 2331 favet,
1545 2262 1722 2334 quod
1772 2264 2008 2337 omnia,
2057 2280 2227 2338 quae

135 2366 215 2425 de
264 2366 496 2425 itinere
544 2382 584 2424 a
629 2365 994 2442 Porphyrio
1044 2364 1676 2442 Constantinopolim
1734 2370 1909 2427 facto
1970 2372 2230 2430 ceteris-

133 2490 260 2547 que
310 2473 511 2532 rebus
559 2479 718 2531 tunc
784 2473 988 2549 gestis
1043 2458 1397 2533 memoriae
1456 2474 1697 2549 prodit,
1770 2478 2010 2551 optime
2060 2478 2231 2537 inter

134 2596 203 2637 se
251 2585 627 2655 congruunt
659 2588 723 2638 et
755 2583 1127 2640 cohaerent.
1187 2582 1442 2640 Deinde
1475 2584 1675 2643 etiam
1705 2584 1919 2661 magis
1951 2589 2232 2662 augetur

134 2686 338 2744 Marci
407 2687 804 2745 narrationis
874 2688 1232 2746 auctoritas
1279 2705 1379 2760 e0‚
1452 2690 1628 2764 quod
1688 2708 1839 2751 cum
1887 2690 1987 2761 iis,
2058 2707 2229 2765 quae

133 2792 401 2851 aliunde
451 2793 533 2851 de
580 2793 842 2852 illorum
890 2801 1257 2869 temporum
1304 2797 1503 2854 rebus
1537 2800 1601 2855 et
1646 2798 2013 2856 rationibus
2062 2812 2230 2856 com·

131 2906 321 2975 perta
368 2900 705 2976 habemuS‚
776 2899 959 2959 velut
1007 2900 1089 2958 de
1137 2902 1422 2975 paschae
1471 2917 1532 2960 a.
1580 2896 1713 2960 402
1762 2907 2075 2977 tempore,
2148 2903 2229 2961 de

130 3005 398 3064 Ioannis
430 3006 842 3081 patriarchae
874 3007 1130 3078 itinere,
1181 3008 1263 3066 de
1297 3008 1667 3067 Theodosio
1699 3007 1763 3066 II
1804 3024 1844 3065 a
1876 3006 2229 3067 Severiano

130 3112 485 3188 baptizat0‚
536 3113 618 3171 de
652 3114 977 3172 Arcadiae
1025 3115 1297 3174 Arcadii
1346 3115 1520 3174 filiae
1556 3116 1662 3173 die
1709 3114 1914 3173 natali
1964 3115 2231 3191 egregie

132 3220 493 3278 concinunt
540 3223 605 3278 et
652 3221 1086 3281 consentiunt.

314 3387 367 3454 1)
417 3392 621 3443 Socrat.
662 3393 785 3445 hist.
826 3394 958 3446 eccl.
996 3394 1092 3455 VI,
1129 3391 1179 3444 6.
1244 3393 1437 3445 Chron.
1475 3392 1659 3460 pasch.
1697 3394 1726 3444 Ι
1762 3409 1814 3456 p.
1851 3390 1972 3457 567,
1994 3390 2066 3444 20
2084 3410 2125 3444 s.
2165 3394 2232 3444 D.

129 3479 377 3530 Marcell.
437 3480 582 3532 Com.
643 3481 826 3533 chron.
883 3480 1143 3545 (Monum.
1198 3482 1452 3533 German.
1512 3483 1593 3533 XI
1617 3500 1682 3524 =
1705 3481 1897 3533 Chron.
1958 3482 2084 3532 min.
2147 3483 2233 3534 ed.

129 3569 433 3619 Mommsen
468 3570 525 3620 ΙΙ
562 3586 615 3633 p.
653 3567 764 3633 67).
841 3571 921 3621 cf.
957 3572 1026 3623 de
1063 3571 1300 3623 Muralt:
1351 3572 1508 3622 Essai
1553 3571 1621 3622 de
1660 3568 2089 3636 chronographie
2139 3569 2234 3633 by·
2347 3591 2354 3596 ·

129 3659 353 3708 zantine
391 3674 445 3720 p.
483 3654 533 3707 9.

1879 3743 1915 3799 2
