2581 4081
1390 240 1461 307 36

375 430 582 494 titulis
624 428 913 512 Syriacis
957 435 1339 496 inveniatur
1385 428 1735 510 ἀνήγειρεν,
1780 443 2010 511 quater
2058 434 2268 495 solum
2317 448 2472 513 aug

374 550 665 601 mentum
715 544 897 602 deest
943 538 1119 601 2002
1169 561 1227 602 a.
1276 537 1441 617 3773
1492 537 1661 601 2111
1715 559 1774 600 a.
1822 536 1984 617 5783
2034 537 2241 615 21273
2292 537 2470 601 2438

375 666 432 707 a.
488 643 632 708 169.
728 648 939 708 Semel
987 650 1230 726 legitur
1275 641 1546 708 ἀνέλθεν
1579 665 1697 725 pro
1745 641 2020 721 ἀνῆλθεν
2067 667 2132 709 n.
2181 643 2360 709 2639
2410 667 2468 708 a.

372 749 523 814 540.
618 754 859 816 Contra
905 757 1184 814 formam
1232 749 1586 828 αἰτήσασθε
1618 749 1724 825 38,
1755 750 1789 813 7
1840 758 2095 814 mutare
2142 773 2274 815 non
2323 757 2467 813 ausi

373 878 617 933 summe,
666 878 1063 936 quamquam
1109 856 1216 935 36,
1243 856 1331 921 20
1379 862 1621 939 legitur
1660 869 2013 938 augmento
2061 861 2286 920 addito
2332 855 2468 939 ᾔτει

372 976 437 1028 et
485 963 588 1039 73,
621 963 703 1026 14
748 963 945 1046 ᾔτουν
994 971 1058 1027 et
1102 962 1203 1045 19,
1231 964 1272 1028 6
1319 963 1668 1047 ᾔσθόμεθα,
1736 970 1892 1043 quia
1948 968 2127 1045 apud
2172 968 2466 1026 Marcum
2543 1022 2544 1027 ,

369 1075 533 1133 haec
581 1080 888 1148 quattuor
933 1080 1186 1134 tantum
1233 1081 1496 1133 exstant
1543 1075 1847 1151 exempla
1891 1074 2105 1149 neque
2152 1075 2221 1134 in
2252 1075 2464 1132 titulis

369 1181 660 1256 Syriacis
709 1181 1030 1241 eiusmodi
1077 1183 1329 1241 formae
1380 1181 1642 1240 omnino
1689 1182 2136 1240 inveniuntur.

547 1288 729 1348 Inter
795 1305 1019 1348 omnes
1089 1296 1346 1349 constat
1413 1289 1568 1348 inde
1634 1290 1720 1348 ab
1788 1304 1953 1348 aevo
2013 1288 2465 1347 Alexandrino

369 1396 755 1456 aoristum
802 1396 1086 1471 primum
1132 1397 1225 1455 ita
1272 1413 1422 1456 cum
1483 1396 1724 1456 aoristo
1783 1396 2072 1455 secundo
2121 1395 2467 1455 confusum

369 1519 531 1573 esse,
579 1503 653 1561 ut
699 1502 972 1561 secundi
1019 1503 1207 1577 stirpi
1254 1502 1746 1562 terminationes
1794 1502 1986 1577 primi
2042 1501 2464 1571 adderentur,

368 1609 552 1669 velut
599 1599 808 1678 εἶπαν,
855 1602 1222 1682 ἑξήλθαμεν,
1272 1601 1568 1686 εὕραμεν,
1618 1609 1704 1667 cf.
1753 1624 1910 1684 prae
1959 1609 2195 1667 ceteris
2242 1607 2464 1667 Hatzi-

369 1716 561 1774 dakis
605 1709 1012 1791 ‘Einleitung
1058 1716 1123 1774 in
1175 1716 1235 1774 d.
1282 1716 1664 1793 neugriech.
1715 1710 2152 1775 Grammatik’
2198 1732 2259 1790 p.
2315 1709 2460 1774 176.

369 1820 576 1897 Quem
640 1836 833 1879 usum
880 1822 1075 1897 ‘apud
1122 1821 1418 1880 Marcum
1482 1837 1742 1896 quoque
1790 1822 1919 1881 late
1967 1823 2191 1897 patere
2240 1837 2327 1879 ex
2372 1821 2462 1880 in-

368 1929 584 1987 diculo
617 1927 1046 2004 grammatico
1079 1929 1273 1987 facile
1309 1929 1617 2006 cognosci
1664 1934 1896 2005 potest.
1969 1927 2210 1989 Contra
2256 1943 2462 1986 unum

367 2038 582 2095 exstat
647 2034 920 2094 secundi
985 2035 1211 2095 aoristi
1275 2037 1650 2112 exemplum
1717 2036 2088 2096 derivatum
2146 2053 2186 2093 a
2230 2035 2459 2112 verb0,

367 2143 555 2202 cuius
599 2143 775 2201 solus
826 2143 1105 2201 aoristus
1156 2144 1404 2219 primus
1452 2145 1604 2204 inde
1652 2146 1736 2204 ab
1789 2143 2266 2219 antiquissimis,
2309 2154 2461 2202 tem·

366 2250 633 2323 poribus
665 2250 734 2308 in
768 2266 891 2309 usu
925 2258 1084 2310 erat.
1164 2251 1436 2328 Legitur
1485 2252 1661 2314 enim
1711 2246 1769 2329 7,
1809 2246 1849 2310 2
1899 2245 2307 2324 διένειμον
2340 2266 2459 2325 pro

365 2349 661 2428 διένειμα.
768 2357 1105 2416 Eiusmodi
1171 2358 1563 2417 aoristorum
1630 2359 1934 2433 exempla
1991 2357 2309 2416 tredecim
2376 2373 2459 2415 ex

364 2462 573 2521 titulis
620 2463 949 2539 congessit
981 2463 1307 2540 Wagner:
1359 2463 1785 2538 Quaestiones
1833 2465 1916 2524 de
1966 2464 2459 2541 epigrammatis

365 2585 450 2627 ex
515 2569 847 2644 lapidibus
913 2570 1204 2629 collectis
1274 2565 1445 2631 1883
1506 2588 1567 2646 p.
1622 2566 1743 2630 121
1783 2588 1889 2649 ss‚‚
1959 2572 2141 2631 velut
2207 2563 2460 2642 ἔζησον,

363 2668 666 2752 ἥρπαξες,
696 2669 1018 2735 ἑπαύσετο
1043 2676 1348 2751 idemque
1375 2693 1644 2737 causam
1668 2677 1863 2735 huius
1889 2677 2291 2737 confusionis
2316 2693 2461 2752 pro-

365 2780 675 2841 babiliter
720 2783 1102 2859 explicavit.
1197 2782 1295 2843 Of.
1336 2784 1533 2843 etiam
1564 2784 1953 2843 Hatzidakis
1986 2785 2027 2843 l.
2063 2801 2118 2844 c.
2169 2801 2232 2859 p.
2265 2777 2394 2842 192
2409 2799 2458 2841 s.

362 2889 472 2959 Iis,
533 2903 702 2963 quae
750 2890 847 2947 illi
895 2891 1276 2967 attulerunt,
1336 2891 1498 2950 haec
1545 2907 1811 2967 possum
1860 2893 2106 2951 addere
2154 2891 2461 2966 exempla

363 2995 808 3073 epigraphica‚
858 3013 1134 3071 quorum
1176 2998 1491 3057 nonnulla
1540 2998 1699 3057 mihi
1752 2993 2198 3074 suppeditavit
2228 2999 2457 3058 Brink-

362 3116 600 3160 mann:
671 3102 902 3163 Journ.
965 3106 1038 3162 of
1090 3081 1239 3164 hell.
1311 3105 1482 3163 stud.
1544 3104 1700 3165 VIII
1763 3106 1832 3164 in
1897 3107 2107 3165 titulis
2172 3107 2241 3165 in
2301 3106 2460 3165 Asia

361 3208 608 3268 Minore
674 3209 963 3270 inventis
1029 3228 1090 3286 p.
1140 3205 1271 3271 229
1319 3230 1382 3274 n.
1435 3207 1518 3270 10
1566 3213 1607 3270 l.
1663 3208 1745 3271 10
1800 3206 2144 3290 ἠργάσετο,
2211 3231 2274 3289 p.
2327 3208 2456 3273 266

361 3331 425 3374 n.
473 3310 556 3375 57
605 3317 650 3375 l.
683 3310 727 3373 4
775 3311 1259 3390 ἑστρατεύσετο.
1311 3318 1450 3379 CIG
1490 3319 1587 3378 III
1636 3319 1788 3377 add.
1837 3336 1900 3394 p.
1940 3314 2109 3378 1139
2143 3338 2206 3379 n.
2240 3314 2457 3380 4303‘2
2533 3341 2534 3344 ¹

360 3423 402 3479 l.
430 3416 470 3480 2
514 3444 581 3469 =
621 3420 930 3483 Peterson
961 3419 1221 3484 ‘Reisen
1255 3427 1464 3485 durch
1496 3426 1752 3502 Lykien
1786 3427 1924 3485 und
1955 3423 2233 3486 Karien’
2277 3445 2343 3503 p.
2372 3424 2458 3488 34

360 3546 424 3587 n.
472 3523 561 3587 54
606 3523 1135 3591 κατεσκευάσετο.
1183 3533 1426 3609 Papers
1460 3534 1534 3592 of
1560 3535 1666 3594 the
1700 3534 1983 3599 Americ.
2017 3535 2197 3593 arch.
2233 3538 2452 3597 school
2531 3563 2532 3606 3

358 3634 423 3694 11
469 3653 531 3693 n.
580 3630 660 3694 61
715 3633 1039 3714 (Sterrett)
1105 3632 1403 3711 ἱεράσετο
1466 3636 1553 3716 (a.
1602 3633 1807 3717 261l2
1873 3658 1936 3716 p.
1996 3640 2108 3702 Ch.
2168 3638 2285 3718 n.).
2379 3644 2451 3704 In
