2581 4081
1121 269 1193 337 35

97 454 357 522 tissime
391 455 863 533 observandus,
913 463 1030 522 sed
1063 465 1283 523 cetera
1331 478 1590 539 quoque
1638 461 1813 525 illius
1846 462 1993 525 aevi
2041 462 2205 528 litte-

97 586 332 628 rarum
380 573 820 645 monumenta,
869 571 1088 644 quoad
1122 571 1264 629 eius
1302 571 1445 630 fieri
1478 577 1708 649 potest,
1757 572 1824 631 in
1873 589 2206 649 compara-

98 677 353 736 tionem
400 675 701 734 vocanda
747 682 917 735 sunt.

288 780 525 841 Ordiar
571 800 611 840 a
656 783 846 840 verbi
910 783 1157 841 formis,
1250 783 1450 842 Haud
1517 800 1665 843 raro
1731 785 1797 843 in
1864 787 2205 846 codicibus

97 888 284 946 vitae
331 887 680 963 Porphyrii
713 890 1026 947 omissum
1060 901 1157 948 est
1190 895 1695 967 augmentum
1744 894 2204 972 temporale,

98 994 285 1068 quod
335 994 595 1064 dicitur,
662 996 1017 1053 verborum
1083 996 1166 1052 ab
1232 993 1295 1052 ὀῖ
1354 992 1426 1054 ffi
1481 991 1554 1056 {fi
1626 990 1665 1054 ’ἑ
1730 995 2205 1076 incipientium,

99 1102 296 1160 cuius
343 1100 440 1159 rei
487 1101 790 1176 exempla
835 1102 904 1160 in
953 1101 1246 1160 indiculo
1280 1105 1716 1178 grammatico
1764 1104 2038 1163 editioni
2061 1104 2210 1180 Lip-

99 1208 307 1267 siensi
356 1207 581 1266 addito
630 1209 1099 1285 congessimus.
1193 1209 1410 1283 Atque
1456 1211 1525 1269 in
1572 1210 1800 1270 formis
1847 1203 2052 1289 εὗρἐν,
2101 1204 2206 1271 ἀν·

99 1309 442 1389 ευφήμουν
490 1315 628 1373 sim.
674 1331 805 1373 non
839 1315 1306 1374 offendendum
1338 1333 1479 1376 esse
1513 1311 1724 1375 fusius
1757 1318 2205 1378 demonstrare

97 1438 237 1481 non
286 1436 449 1495 opus
497 1429 613 1491 est,
663 1421 747 1480 cf.
796 1422 1322 1481 Kuehner-Blass
1368 1423 1399 1482 I
1430 1419 1472 1482 2
1505 1441 1567 1499 p.
1601 1419 1707 1482 20.
1757 1424 1954 1484 Recte
1987 1432 2212 1485 autem·

99 1545 142 1585 a
190 1527 384 1586 nobis
415 1545 497 1586 ne
530 1530 774 1586 formas
806 1529 1073 1601 quidem
1106 1522 1390 1605 οἴκησεν,
1440 1523 1884 1603 οἰκονομήθην,
1934 1524 2205 1604 οἴμωξεν

98 1640 393 1693 mutatas
440 1650 581 1692 esse
630 1640 891 1709 praeter
921 1633 1278 1709 Phrynichi
1328 1640 1751 1711 praeceptum
1800 1631 1910 1709 (cf.
1960 1654 2023 1712 p.
2077 1632 2204 1696 153

99 1741 389 1807 Lobeck‚
459 1758 520 1816 p.
571 1735 704 1798 244
766 1738 1190 1813 Rutherford)
1257 1743 1539 1817 probant
1604 1742 1777 1801 tituli
1835 1741 2070 1803 Graeci
2135 1746 2201 1803 in

101 1848 302 1923 Syria
332 1842 574 1922 reperti
600 1849 1007 1906 saeculorum
1039 1847 1305 1906 III—V.
1362 1847 1459 1907 Cf.
1486 1849 1573 1907 Le
1600 1849 1725 1908 Bas
1753 1856 1822 1908 et
1847 1849 2204 1928 Wadding·

100 1963 252 2013 ton:
303 1953 575 2031 Voyage
623 1954 906 2012 archeol.
955 1971 1035 2012 en
1086 1952 1294 2013 Grece
1342 1960 1407 2012 et
1454 1972 1536 2013 en
1584 1955 1737 2014 Asie
1785 1957 2075 2017 Mineure
2108 1958 2205 2017 III

106 2061 139 2120 1
199 2055 393 2121 1870.
460 2062 533 2121 In
582 2063 823 2137 quibus
864 2062 1068 2120 verbo
1102 2056 1468 2135 οἰκοδομεῖν
1501 2079 1648 2121 cum
1681 2063 1885 2122 vicies
1919 2066 2204 2125 addatur

102 2175 532 2245 augmentum
556 2165 627 2245 ¹),
670 2169 1068 2245 quadragies
1103 2170 1345 2243 septies
1375 2170 1697 2228 omittitur
1720 2166 1792 2243 ²).
1853 2170 2201 2231 Praeterea

100 2276 305 2334 semel
354 2275 596 2352 legitur
640 2269 1034 2348 ἠκοδόμεσεν
1082 2293 1145 2334 n.
1181 2270 1375 2351 2436,
1428 2270 1782 2350 ἑκοδομήθη
1831 2295 1893 2335 n.
1928 2272 2103 2337 2053
2138 2297 2195 2340 a.

98 2377 256 2454 350,
305 2377 716 2457 ἐκωδόμησεν
763 2378 939 2442 2236
989 2401 1047 2442 a.
1096 2378 1249 2454 492,
1299 2378 1712 2458 ἑκοδώμησεν
1760 2378 1955 2444 2539.

286 2491 494 2549 Aliter
540 2506 644 2548 res
692 2506 760 2548 se
826 2491 1023 2548 habet
1088 2490 1155 2547 in
1221 2491 1443 2549 verbis
1500 2492 1583 2548 ab
1631 2484 1661 2550 ἒ
1707 2492 2196 2566 incipientibus.

104 2595 359 2671 Quibus
407 2612 557 2655 cum
589 2597 963 2673 septuagies
996 2598 1195 2655 semel
1228 2599 1406 2672 apud
1438 2599 1728 2657 Marcum
1775 2609 2200 2675 augmentum

104 2703 407 2761 additum
454 2703 553 2773 sit,
618 2709 720 2761 ter
764 2704 972 2762 solum
1020 2720 1059 2761 a
1107 2704 1447 2762 codicibus
1495 2704 1849 2763 omittitur:
1912 2721 1974 2779 p.
2030 2700 2132 2780 10,
2158 2699 2199 2762 9

101 2803 570 2882 εἰσενέγκαμεν,
641 2803 700 2886 7,
733 2803 812 2867 18
871 2801 1339 2885 ἀπελπισμένα,
1404 2804 1509 2886 78,
1540 2805 1624 2869 15
1681 2804 2197 2883 ἑπερωτήσαμεν.

101 2917 338 2992 Itaque
384 2918 544 2986 iure,
612 2917 862 2992 opinor,
930 2917 1048 2974 has
1113 2926 1246 2975 tres
1312 2918 1557 2975 formas
1618 2917 1703 2975 ad
1749 2933 2046 2976 normam
2095 2933 2202 2977 ve-

102 3032 314 3084 terem
361 3024 785 3082 correximus.
879 3022 1155 3081 Accedit
1213 3025 1411 3097 quod,
1480 3039 1632 3083 cum
1692 3024 2072 3098 saepissime
2132 3026 2200 3083 in

290 3219 343 3286 1)
382 3239 434 3273 n.
469 3217 626 3273 2086.
663 3215 820 3274 2172.
858 3215 1016 3270 2211.
1056 3215 1212 3271 2216.
1251 3215 1409 3270 2222.
1437 3217 1596 3272 2225.
1624 3216 1779 3272 2320.
1808 3216 1966 3272 2373.
1994 3215 2135 3271 2412
2150 3225 2196 3271 ⁰.

101 3308 309 3364 241211.
358 3306 513 3363 2428.
562 3305 717 3361 2544.
766 3304 906 3359 2546
923 3315 968 3358 a,
1008 3304 1146 3393 2551
1165 3303 1211 3359 b.
1252 3304 1412 3360 2612.
1450 3307 1607 3360 2613.
1648 3305 1803 3359 2614.
1844 3304 2000 3382 2619.
2039 3305 2197 3359 2625.

105 3397 270 3453 2631.
288 3486 343 3552 2)
382 3487 536 3540 2061.
564 3485 719 3540 2079.
748 3482 903 3538 2084.
933 3483 1091 3537 2141.
1118 3483 1259 3538 2163
1286 3487 1358 3538 al.
1422 3488 1610 3538 Annus
1636 3487 1855 3537 additus
1883 3492 1966 3537 est
1992 3493 2199 3549 septem

102 3581 281 3631 titulis
319 3578 427 3629 his:
466 3574 646 3628 19s4c
672 3594 719 3628 a.
747 3573 868 3626 289.
914 3570 1093 3626 1984d
1129 3592 1177 3627 a.
1217 3573 1339 3628 309.
1378 3573 1513 3626 2001
1544 3573 1606 3626 a.
1646 3572 1765 3626 369.
1806 3570 1948 3626 2024
1987 3590 2034 3625 a.
2075 3571 2195 3626 315.

104 3663 245 3720 2251
288 3682 337 3718 a.
377 3663 499 3719 582.
537 3662 678 3718 2256
717 3680 766 3715 a.
804 3661 926 3717 456.
967 3659 1109 3715 2293
1148 3680 1196 3715 a.
1235 3662 1357 3717 321.
