2581 4081
1358 246 1428 318 46

347 438 488 508 fieri
539 446 767 523 potuit,
814 446 908 507 'ut
955 445 1180 507 verbis
1229 440 1393 507 εἶναι
1454 457 1519 507 et
1565 439 1901 521 τυγχάνειν
1957 445 2129 506 inter
2190 460 2260 506 se
2308 455 2443 507 mu·

349 559 501 615 tatis
570 571 687 629 pro
757 548 1055 628 τυγχάνω
1127 547 1220 613 ὤν
1293 555 1623 614 diceretur
1692 549 1812 629 εἰμὶ
1877 549 2236 628 τυγχάνων.
2332 553 2441 616 Sic

347 680 409 738 Ρ.
459 655 521 738 6,
575 655 656 720 14
713 655 789 719 τὸ
846 653 1008 720 εἶναι
1062 656 1217 734 τοὺς
1275 654 1605 735 ἀδελφοὺς
1665 655 1862 721 αὐτοῦ
1918 659 2157 733 παῖδας
2207 655 2439 733 τυγχά-

346 783 581 841 νοντας
637 773 701 826 et
760 768 1089 827 simillime
1135 769 1520 827 Encomium
1568 768 1959 845 Agathoniei
2011 769 2222 828 Anall.
2272 768 2436 826 Boll.

345 876 403 936 V
470 893 532 951 Ρ.
599 867 752 945 404,
810 869 852 933 9
951 867 1076 945 ἐγὼ
1148 869 1263 947 μὲν
1345 867 1462 932 οὐκ
1540 867 1794 948 ἀσήμου
1860 869 2093 948 γένους
2164 868 2437 948 ὑπάρχω

342 974 682 1055 τυγχάνων
706 976 775 1053 ¹).

522 1087 598 1146 In
632 1086 935 1145 omnibus
968 1087 1105 1145 fere
1139 1086 1383 1162 linguis
1410 1088 1839 1162 omnibusque
1865 1088 2003 1147 fere
2031 1088 2434 1163 temporibus

342 1183 549 1253 multa
579 1193 805 1263 verba,
856 1207 1024 1267 quae
1074 1193 1156 1250 ab
1205 1194 1392 1252 initio
1426 1195 1774 1253 transitiva
1806 1201 1975 1265 sunt,
2025 1195 2211 1269 quasi
2263 1195 2434 1253 obri-

344 1306 652 1378 gescente
699 1299 966 1358 notione
1023 1300 1160 1358 vim
1207 1301 1571 1360 neutralem
1632 1302 1934 1376 accipere
1992 1317 2183 1377 posse
2230 1301 2432 1375 idque

340 1408 412 1466 in
461 1408 622 1465 artis
659 1406 1069 1480 potissimum
1101 1407 1444 1466 vocabulis
1491 1424 1614 1466 usu
1645 1408 1905 1466 venisse
1939 1408 2134 1466 facile
2168 1408 2431 1466 demon·-

343 1513 536 1573 strari
601 1517 833 1586 potest.
939 1510 1034 1573 Cf.
1096 1512 1170 1570 A.
1222 1512 1404 1571 Elter
1471 1508 1616 1571 ‘Die
1687 1508 2433 1572 Gladiatorentesseren'

343 1619 568 1679 Rhein.
617 1618 777 1676 Mus.
826 1617 1119 1677 XXXXI
1181 1611 1352 1677 1886
1411 1634 1474 1693 p.
1522 1611 1652 1677 538
1702 1635 1786 1678 SS.
1879 1619 2061 1678 Idem
2120 1635 2432 1695 saepenu-

339 1742 518 1785 mero
564 1725 634 1783 in
680 1724 1040 1801 graecitate
1087 1724 1351 1783 labente
1399 1725 1721 1784 accidisse
1772 1725 1993 1784 docuit
2041 1726 2430 1785 Hatzidakis

338 1833 380 1891 l.
431 1848 488 1892 c.
536 1848 598 1906 Ρ.
648 1825 780 1889 2ΟΟ
828 1847 878 1890 s.
972 1831 1079 1890 Sic
1127 1825 1399 1905 φθάνειν
1459 1838 1522 1891 et
1569 1825 2075 1906 καταλαμβάνειν
2122 1850 2163 1891 a
2208 1832 2429 1892 Marco

338 1955 469 1998 non
527 1937 736 1996 solum
795 1937 1139 1996 transitive
1211 1932 1300 2014 (4,
1354 1932 1456 1999 15.
1547 1931 1609 2009 9,
1663 1932 1724 2000 9.
1812 1933 1917 2016 21,
1972 1932 2051 1997 18
2102 1934 2234 2014 aL),
2312 1940 2430 1998 sed

339 2047 537 2106 etiam
590 2045 1007 2103 intransitive
1073 2059 1191 2120 pro
1266 2061 1362 2115 e0‚
1435 2047 1612 2120 quod
1678 2052 1775 2105 est
1820 2040 2186 2105 ‘advenire'
2250 2048 2430 2106 adhi-

336 2156 595 2213 bentur.
690 2151 786 2212 Of.
844 2152 1302 2212 Krumbacher
1370 2149 1668 2213 ‘Studien
1736 2172 1816 2214 zu
1885 2155 2012 2213 den
2070 2154 2427 2230 Legenden

339 2262 455 2320 des
523 2260 586 2319 h.
659 2253 1090 2319 Theodosius'
1192 2258 1640 2337 Sitzungsber.
1709 2262 1828 2320 der
1889 2262 2149 2321 Miinch.
2218 2262 2425 2322 Acad.

337 2367 559 2443 philol.
607 2366 756 2424 hist.
807 2365 898 2426 cl.
953 2359 1123 2425 1892
1173 2383 1236 2441 Ρ.
1285 2360 1415 2425 366
1465 2362 1613 2441 s.2).

515 2586 567 2652 1)
606 2589 707 2640 His
744 2588 910 2664 liceat
946 2589 1146 2640 addere
1185 2591 1412 2641 verbum
1469 2587 1921 2655 ἀποφορτοῠν
1976 2607 2027 2654 Ρ.
2066 2587 2117 2654 6,
2140 2586 2269 2652 1Ιὴ
2316 2588 2425 2655 γὰρ

334 2679 437 2730 τοῦ
475 2679 609 2729 θεοῦ
649 2676 800 2738 ἐλπὶς
836 2675 1052 2741 ταύτην
1089 2676 1144 2730 ἐξ
1182 2677 1359 2728 αὐτοῦ
1399 2676 1745 2743 ἀπεφάρτου.
1821 2679 2047 2730 Praeter
2083 2679 2229 2729 locos
2266 2681 2426 2729 inin·

337 2767 456 2819 dice
494 2768 781 2818 verborum
834 2766 1045 2818 adlatos
1087 2762 1251 2829 (CGL
1292 2767 1462 2818 Goetz
1510 2767 1566 2816 11
1613 2784 1665 2833 p.
1715 2762 1931 2832 242,30
1972 2772 2027 2818 et
2065 2766 2249 2832 Cyrill.
2291 2784 2343 2817 v.
2382 2785 2422 2819 s.

332 2856 550 2908 Ioannis
590 2857 777 2907 Silent.
805 2856 917 2905 AA.
947 2855 1038 2906 SS.
1066 2856 1177 2905 Mai
1203 2857 1286 2905 III
1325 2873 1376 2922 Ρ.
1408 2851 1505 2906 18*
1526 2849 1568 2920 1’)
1610 2861 1666 2907 et
1704 2854 1937 2906 Palladii
1964 2856 2139 2906 locum
2167 2873 2220 2919 p.
2243 2851 2426 2907 1220a

334 2947 390 2996 in
432 2944 709 3009 Sophoclis
744 2943 919 2995 lexico
958 2951 1433 2995 commemoratum
1471 2945 1746 2996 invenitur
1782 2947 1946 2996 etiam
1986 2947 2041 2994 in
2079 2947 2195 2995 vita
2221 2945 2422 3012 Georg.

335 3033 493 3084 Choz.
531 3032 710 3083 Anall.
749 3031 886 3082 Boll.
925 3032 1029 3083 v11
1067 3050 1118 3097 p.
1160 3029 1278 3096 1⁶25,
1306 3031 1369 3081 11
1419 3031 1560 3095 πρὸς
1598 3031 1663 3083 τὸ
1702 3029 2020 3096 ἀπαντῆσαι
2057 3032 2251 3094 αὐτοῖς
2288 3033 2425 3095 τοὺς

333 3119 579 3186 πατέρας
616 3121 705 3172 καὶ
744 3118 1174 3186 ἀποφορτῶσαι.

511 3205 568 3271 2)
605 3211 758 3262 Idem
793 3211 862 3262 de
900 3210 1066 3261 verbo
1106 3207 1374 3261 ἀνάπτειν
1412 3212 1735 3262 neutraliter
1770 3218 2031 3277 usurpato
2070 3212 2183 3278 egit
2219 3211 2256 3262 l.
2294 3228 2341 3262 c.
2368 3227 2421 3279 p.

331 3295 438 3352 297
457 3317 499 3351 s.
573 3301 778 3352 Eodem
816 3300 972 3350 modo
1009 3301 1237 3351 verbum
1274 3297 1556 3363 ὑφάπτειν
1589 3316 1753 3352 sensu
1788 3299 2023 3351 neutrali
2067 3305 2248 3350 exstat
2271 3301 2421 3365 apud

330 3388 514 3440 Malal.
553 3406 604 3455 Ρ.
630 3385 754 3453 467,
774 3384 842 3440 17
880 3387 970 3438 καὶ
1007 3390 1110 3438 τοῠ
1138 3390 1317 3451 κηροῦ
1355 3385 1659 3450 στάξαντος
1697 3386 1886 3439 ἐπάνω
1923 3390 2043 3439 τῶν
2068 3387 2250 3439 ξύλων
2275 3387 2422 3454 ὑφῆ·

331 3489 448 3541 ψαν
485 3474 556 3526 τὰ
602 3474 750 3528 ξύλα.
824 3477 1019 3541 Itaque
1075 3477 1350 3528 reicienda
1404 3484 1488 3529 est
1523 3476 1785 3529 Dindorfii
1837 3479 2162 3541 coniectura,
2218 3480 2312 3543 qui
2362 3481 2420 3530 in

329 3567 510 3617 adnot.
550 3583 602 3632 p.
630 3560 736 3616 654
769 3566 1047 3631 proposuit
1083 3561 1392 3627 ὑψήψαντο
1431 3567 1547 3617 sine
1589 3564 1879 3630 ὑφήψατο.
1955 3568 2194 3617 Verbum
2232 3574 2419 3618 autem

330 3654 557 3721 simplex
584 3651 779 3705 ἅπτειν
805 3654 950 3718 apud
973 3654 1250 3704 Moschum
1272 3653 1430 3707 PGM
1448 3655 1759 3707 LXXXVII
1784 3651 1819 3705 3
1845 3649 2115 3719 p.2964ab
2145 3652 2227 3705 bis
2252 3654 2421 3709 habet
