2581 4081
1412 240 1476 297 12

574 421 703 483 Sed
761 441 843 484 ne
909 426 1261 486 Tillemont
1327 427 1592 501 quidem
1664 444 1892 488 verum
1964 436 2303 490 assecutus
2378 436 2490 490 est.

395 527 585 587 Nunc
633 531 828 608 enim,
887 540 960 592 ut
1018 550 1217 610 supra
1283 536 1534 595 dictum
1581 542 1700 613 est,
1768 537 2015 597 codicis
2062 537 2123 596 H
2170 537 2492 598 beneficio

395 645 649 700 constat
696 640 1038 717 episcopos
1086 644 1149 701 d.
1198 643 1485 702 XXVIII
1524 661 1608 703 m.
1658 642 1966 720 Gorpiaei
2014 644 2154 704 sive
2204 646 2267 704 d.
2301 647 2492 708 XXV

394 764 480 806 m.
553 747 956 822 Septembris
1027 747 1348 809 Caesarea
1403 751 1732 826 profectos
1803 767 1964 811 esse.
2059 753 2195 812 Iam
2268 753 2491 814 omnia

395 857 562 915 bene
594 838 678 915 'se
725 856 989 915 habeut.
1081 856 1248 916 Nam
1305 857 1374 916 in
1437 874 1725 918 mensem
1776 858 2224 934 Septembrem
2281 860 2492 919 verba

394 964 520 1022 ista
544 943 672 1035 ⁸30,
716 958 761 1021 4
805 958 844 1036 ἡ
892 957 1013 1037 γὰρ
1069 958 1385 1039 χειμέριος
1441 960 1645 1039 τροπὴ
1707 961 1937 1025 λοιπὸν
1995 959 2490 1042 ἐπιλαμβάνεται

396 1070 638 1145 optime
687 1071 950 1130 cadunt.
1047 1071 1277 1130 Hieme
1326 1072 1608 1130 instante
1655 1072 1933 1132 Ioannes
1967 1072 2325 1133 Caesareae
2360 1076 2490 1151 epi-

395 1195 631 1253 scopus
701 1178 1109 1255 navigationi
1180 1195 1248 1238 se
1306 1180 1710 1239 committere
1781 1186 2064 1240 veretur.
2159 1181 2247 1239 Iis
2313 1182 2489 1240 enim

393 1286 798 1362 temporibus
846 1301 1102 1361 semper
1149 1287 1287 1345 fere
1345 1303 1464 1361 per
1510 1292 1713 1346 totam
1762 1286 2043 1346 hiemem
2103 1282 2284 1361 (inde
2334 1306 2374 1347 a
2423 1289 2485 1351 d.

394 1393 491 1454 XI
545 1410 630 1451 m.
679 1392 1070 1451 Novembris
1135 1409 1342 1467 usque
1399 1393 1483 1452 ad
1545 1393 1608 1451 d.
1657 1392 1715 1452 V
1773 1410 1859 1452 m.
1907 1390 2149 1468 Martii)
2215 1395 2488 1472 naviga-

395 1501 637 1559 tionem
685 1500 1122 1558 intermissam
1188 1516 1331 1559 esse
1380 1506 1635 1558 constat
1659 1496 1730 1575 1).
1822 1500 2035 1574 Atque
2090 1501 2214 1559 hac
2260 1517 2331 1559 re
2380 1519 2487 1576 po-

395 1607 717 1666 tissimum
765 1607 1070 1666 commoti
1119 1607 1412 1682 episcopi
1457 1612 1663 1665 totam
1708 1606 1989 1665 hiemem
2036 1605 2486 1667 Constantino-

394 1714 527 1789 poli
573 1715 884 1773 videntur
941 1715 1174 1773 morati
1231 1730 1405 1772 esse:
1478 1730 1700 1773 mense
1762 1715 2023 1773 demum
2083 1713 2292 1789 Aprili
2352 1708 2484 1789 (46,

393 1814 506 1895 25)
553 1822 956 1895 insequentis
989 1821 1144 1879 anni
1194 1815 1672 1896 (διατρίψαντες
1720 1816 1791 1880 δὲ
1836 1816 1912 1879 τὸ
1960 1815 2322 1881 ὑπόλοιπον
2368 1819 2485 1880 τοῦ

396 1925 707 2001 χειμῶνος
762 1924 863 1986 καὶ
910 1923 1302 2001 ποιήσαντες
1361 1922 1477 2000 τὰς
1543 1921 1728 2001 ἁγίας
1776 1922 2016 2001 ἡμέρας
2074 1926 2188 2000 τῆς
2238 1936 2485 2001 πασχα-

396 2030 537 2110 λίας
607 2032 709 2095 καὶ
754 2031 872 2109 τὴν
931 2028 1377 2109 ἀναστάσιμον
1433 2028 1925 2112 εὖτρεπιζόμεθα
1981 2028 2328 2096 ἐκπλεῦσαι
2376 2029 2483 2108 44,

395 2137 481 2202 26
515 2140 592 2215 s.)
641 2142 885 2203 Gazam
933 2145 1212 2220 profecti
1261 2149 1430 2202 sunt.

573 2252 879 2327 Episcopi
934 2252 1172 2328 viginti
1244 2251 1476 2310 diebus
1536 2258 1684 2326 post
1743 2249 2129 2311 Caesaream
2187 2251 2488 2310 relictam

395 2352 528 2434 (30,
569 2352 673 2417 20.
725 2352 831 2434 33,
868 2352 933 2433 8)
995 2358 1058 2416 d.
1116 2358 1254 2417 fere
1310 2357 1466 2418 XVI
1525 2375 1609 2416 m.
1674 2357 1975 2416 Octobris
2035 2357 2487 2418 Constantino·

392 2465 592 2540 polim
625 2466 1020 2540 perveniunt
1052 2467 1115 2524 et
1147 2466 1378 2540 paucis
1413 2464 1647 2523 diebus
1685 2466 1832 2540 post
1862 2464 2231 2523 Eudoxiam
2259 2464 2487 2542 Augu-

394 2575 561 2631 stam
607 2573 870 2642 adeunt,
921 2589 1089 2646 quae
1137 2589 1267 2631 non
1317 2573 1511 2648 longe
1558 2589 1598 2629 a
1645 2573 1837 2646 partu
1886 2572 2091 2648 abest,
2141 2587 2292 2655 nam
2341 2571 2488 2647 ipsa

395 2679 717 2753 episcopis
774 2679 936 2737 dicit
993 2672 1099 2749 38,
1154 2673 1230 2736 11
1293 2671 1486 2750 οὗτος
1545 2671 1668 2751 γάρ
1734 2670 1915 2736 ἐστιν
1973 2671 2009 2734 ὁ
2071 2673 2193 2752 μὴν
2253 2671 2486 2750 ἔνατος

394 2779 497 2842 καὶ
543 2779 732 2857 ἐγγύς
780 2777 958 2843 ἐστιν
1004 2783 1119 2844 τοῦ
1168 2783 1529 2857 πληρῶσαι.
1625 2784 1814 2859 Quod
1864 2801 2013 2843 cum
2061 2784 2192 2843 iam
2243 2783 2305 2842 d.
2347 2785 2486 2844 fere

395 2890 485 2949 VI
530 2907 615 2950 m.
651 2891 953 2950 Octobris
1001 2891 1329 2968 episcopis
1377 2909 1416 2950 a
1461 2892 1782 2967 Procopio
1832 2891 2226 2950 anachoreta
2272 2890 2485 2950 Rhodi

394 2998 463 3057 in
494 2998 711 3056 insula
756 2991 888 3071 (33,
923 2992 989 3071 2)
1035 2998 1269 3056 iisdem
1317 2999 1455 3056 fere
1488 2998 1711 3057 verbis
1759 2997 2008 3055 dictum
2041 2998 2230 3066 esset,
2280 2996 2487 3057 Theo-

398 3104 619 3163 dosius
687 3103 898 3162 Minor
964 3107 1230 3163 auctore
1276 3105 1496 3163 Marco
1564 3105 1844 3163 diacono
1911 3106 2193 3162 exeunte
2262 3120 2487 3164 mense

397 3210 663 3269 Octobri
710 3211 819 3269 vel
866 3212 1096 3285 paucis
1145 3212 1381 3269 diebus
1429 3212 1575 3285 post
1606 3213 1799 3269 natus
1847 3212 1962 3269 est.
2058 3208 2217 3270 Cum
2267 3216 2486 3269 autem

397 3318 502 3376 die
550 3317 646 3375 III
695 3333 777 3375 m.
827 3317 1071 3392 Aprilis
1118 3312 1249 3376 400
1298 3318 1589 3378 Arcadia
1635 3317 1987 3377 Theodosii
2045 3333 2228 3376 soror
2274 3319 2343 3377 in
2392 3319 2508 3383 lu-,

575 3637 629 3702 1)
669 3641 747 3692 cf.
788 3641 1177 3693 Friedlaender
1214 3641 1703 3710 Sittengeschichte
1741 3642 1904 3694 Roms
1939 3635 2039 3693 11⁵
2073 3658 2124 3709 p.
2164 3638 2235 3693 20
2253 3658 2294 3694 s.
