2581 4081
1353 272 1423 328 58

346 446 530 511 ἔνθεν
577 448 678 511 καὶ
725 446 993 527 ἀπορῶν
1041 449 1284 527 ἰλιγγιῶ
1345 453 1445 516 καὶ
1501 451 1559 515 τί
1607 453 1836 529 πρᾶξαι
1884 448 2000 515 οὐκ
2047 449 2195 529 ἔχω.
2297 457 2461 517 Act.

342 559 571 618 Menae
626 559 842 620 Anall.
901 560 1061 621 Boll.
1122 562 1218 621 III
1288 580 1349 638 p.
1396 556 1547 633 266,
1610 555 1692 621 15
1753 579 1804 622 s.
1912 558 2260 635 δοθήσεται
2320 558 2463 637 γὰρ

343 658 494 737 ἡμῖν
544 708 559 723 .
589 708 603 724 .
650 661 713 724 τί
758 659 1312 740 ἀπολογήσασθαι.
1376 669 1728 744 ·Apophth.
1778 671 1944 744 patr.
1993 685 2057 743 p.
2088 650 2212 728 85¹³
2262 663 2462 729 ἐσκό-

346 786 448 829 πει
503 766 562 830 τί
617 769 903 848 ποιῆσαι,
968 764 1090 833 92(ἰ
1137 772 1217 848 μὴ
1267 768 1435 848 ἔχων
1492 768 1643 834 ὅθεν
1701 768 2040 850 ἀγοράσαι,
2102 765 2275 834 443‘1
2326 771 2462 849 οὑχ
2549 806 2550 809 ¹

345 870 717 950 εὑρίσκουσι
785 873 843 937 τί
914 877 1209 953 λαλῆσαι.
1320 881 1753 957 Aphroditian
1816 882 1994 956 apud
2056 881 2134 940 A.
2190 880 2457 939 Wirth:

347 984 483 1042 Aus
552 984 785 1043 orient.
846 983 1220 1045 Chroniken
1290 1004 1356 1062 p.
1409 981 1557 1055 168,
1633 981 1715 1045 15
1786 982 1983 1059 μηδὲν
2067 980 2320 1059 ἔχουσα
2390 981 2459 1044 τί

343 1081 826 1161 ἀποκρίνασθαι.
919 1089 1015 1152 Of.
1055 1091 1359 1152 Moschus
1392 1089 1566 1151 PGM
1613 1091 1983 1151 LXXXVII
2017 1086 2058 1150 3
2105 1110 2169 1167 p.
2206 1085 2455 1154 287312.

344 1188 571 1253 29212.
622 1189 849 1254 29400.
898 1188 1129 1256 2996b.
1178 1188 1411 1256 3028‘1.
1459 1191 1690 1257 30440.
1740 1190 1971 1257 30572.
2058 1198 2456 1257 Vetustissi-

344 1317 521 1360 mum
571 1301 765 1361 huius
817 1316 976 1360 usus
1024 1305 1422 1377 exemplum,
1472 1306 1545 1361 ut
1568 1302 1976 1363 Brinkmann
2024 1319 2127 1362 me
2163 1305 2454 1373 monuit,

346 1408 609 1467 videtur
657 1424 799 1468 esse
844 1409 914 1466 in
963 1410 1245 1484 epistula
1294 1409 1469 1468 Petri
1519 1409 1550 1468 I
1596 1403 1658 1485 5,
1709 1403 1748 1467 8
1798 1402 1835 1466 ὁ
1890 1401 2211 1480 ἀντίδικος
2264 1402 2457 1482 ὑμῶν

291 1557 297 1562 .
347 1508 651 1588 διάβολος
700 1509 791 1588 ὡς
846 1510 1013 1574 λέων
1060 1510 1431 1589 ὠρυόμενος
1479 1513 1815 1588 περιπατεῖ
1870 1512 2081 1587 ζητῶν
2135 1509 2284 1572 τίνα
2345 1530 2456 1573 κα·

344 1618 614 1691 ταπιεῖν,
664 1606 786 1680 etsi
835 1623 1205 1697 complures
1253 1622 1518 1682 codices
1566 1621 1882 1680 exhibent
1926 1617 2221 1696 καταπίῃ.

527 1727 919 1803 Saepissime
969 1744 1008 1786 a
1054 1728 1273 1787 Marco
1333 1720 1514 1787 more
1559 1728 1927 1786 recentiore
1985 1744 2104 1802 pro
2151 1730 2452 1804 simplici

346 1835 670 1894 infinitivo
705 1835 1208 1893 accusativus
1241 1851 1411 1893 cum
1443 1833 1860 1893 infinitivo
1892 1837 2273 1908 usurpatur.
2352 1836 2456 1896 Ac

346 1943 630 2017 primum
677 1941 944 2015 quidem
991 1944 1136 2016 post
1184 1935 1471 2011 λέγειν,
1528 1941 1649 1999 etsi
1699 1939 2065 1998 subiectum
2114 1940 2297 2000 idem
2352 1947 2457 2002 est
2557 1948 2558 1957 ’

347 2065 425 2107 ac
456 2049 644 2108 verbi
677 2048 875 2106 finiti:
926 2064 990 2123 p.
1022 2040 1124 2117 15,
1151 2042 1237 2105 22
1285 2039 1505 2117 ἔλεγεν
1537 2040 1660 2119 γὰρ
1694 2039 1927 2105 ἑαυτὸν
1963 2037 2230 2106 ἀνάξιον
2282 2042 2456 2108 εἶναι

347 2154 461 2229 τῆς
507 2148 867 2227 ἱερωσύνης
916 2154 1001 2212 cf.
1035 2147 1143 2223 25,
1183 2147 1359 2225 151).
1423 2153 1801 2227 Eodemque
1833 2152 2028 2211 modo
2061 2155 2209 2227 post
2242 2147 2456 2213 ὥστε

348 2265 487 2322 sive
535 2255 668 2334 ὼςε
762 2254 825 2338 9,
875 2253 915 2318 9
974 2253 1183 2332 ὄντως
1230 2254 1356 2333 γὰρ
1409 2253 1489 2332 ἦν
1524 2301 1540 2317 .
1578 2301 1592 2317 .
1628 2302 1642 2316 .
1703 2252 2286 2336 σωφρονέστατος,
2356 2256 2490 2333 ὡς·
2559 2299 2560 2304 1

347 2363 545 2427 αὐτὸν
602 2360 852 2441 φθάσαι
921 2364 1039 2440 τὴν
1107 2361 1358 2425 τελείαν
1429 2358 1765 2440 ἀπάθειαν,
1858 2357 1966 2434 50,
2014 2358 2057 2423 5
2118 2364 2456 2426 τοσοῦτον

348 2468 670 2548 ἀπέτυχον
718 2469 888 2533 ὥστε
934 2470 1037 2533 καὶ
1084 2467 1174 2545 εἰς
1222 2465 1513 2543 διαζύγια
1565 2464 1804 2542 αὐτοὺς
1852 2465 2063 2530 ἐλθεῖν
2111 2472 2198 2531 cf.
2236 2467 2301 2544 9,
2340 2469 2451 2532 21.
2487 2546 2492 2549 ⁴

347 2576 453 2654 45,
503 2576 564 2641 6.
616 2575 721 2651 76,
772 2577 875 2639 11.
967 2579 1221 2639 Deinde
1282 2581 1431 2654 post
1484 2577 1693 2635 verba
1747 2576 2042 2646 iubendi,
2093 2578 2451 2651 suadendi,

349 2688 649 2765 rogandi,
698 2691 772 2746 ut
817 2680 1163 2746 κελεύειν
1206 2679 1316 2753 42,
1355 2679 1429 2741 11
1485 2676 1824 2741 ἐκέλευσεν
1874 2677 1990 2740 τὸν
2037 2676 2286 2756 χάρτην
2331 2684 2455 2744 δει-

347 2793 575 2868 χθῆναι
617 2787 792 2872 αὐτῷ
840 2792 925 2851 cf.
973 2785 1225 2860 43,3s.
1321 2781 1989 2862 παρακελεύεσθαι
2037 2783 2144 2864 25,
2178 2784 2263 2848 21
2311 2786 2454 2855 ,ἐνε-

350 2895 629 2975 φάνισεν
692 2895 768 2958 τὸ
828 2895 1005 2958 θεῖον
1062 2891 1317 2970 γράμμα
1373 2891 1449 2954 τὸ
1507 2889 2105 2967 παρακελευόμενον
2159 2894 2457 2968 κλεισθῆ-

350 3022 455 3066 ναι
500 3001 580 3065 τὰ
627 3000 922 3066 εἰδωλεῖα
968 3004 1053 3063 cf.
1080 2997 1187 3073 52,
1226 2996 1330 3061 15.
1380 2996 1826 3074 ἐπιτρέπειν
1857 2993 1964 3070 56,
2001 2995 2040 3059 8
2089 2996 2456 3075 ἐπέτρεψεν

351 3110 421 3173 δὲ
485 3107 523 3171 ὁ
583 3107 937 3183 ἐπίσκοπος
999 3103 1273 3184 μάστιγα
1343 3102 1676 3180 ἐνεχθῆναι
1747 3102 1848 3165 καὶ
1904 3098 2305 3179 ἀναταθῆναι
2377 3104 2454 3167 τὸ

350 3217 607 3279 παιδίον
677 3219 762 3277 cf.
826 3212 929 3288 73,
994 3212 1052 3278 7.
1147 3210 1407 3275 εἰπεῖν
1454 3207 1561 3284 56,
1605 3208 1648 3271 4
1696 3206 1874 3273 εἶπεν
1922 3205 2454 3289 ἀναχωρισθῆναι

351 3321 553 3400 αὐτὴν
600 3320 765 3398 πρὸς
801 3319 1000 3398 βραχὺ
1049 3318 1150 3382 καὶ
1198 3317 1274 3380 τὸ
1307 3315 1565 3379 παιδίον
1598 3314 2053 3392 εἰσενεχθῆναι.
2103 3320 2455 3394 συμβου-

535 3562 583 3626 1)
622 3566 743 3615 Non
783 3564 987 3616 recedit
1024 3578 1057 3614 a
1094 3567 1316 3613 vetusta
1354 3561 1523 3611 forma
1562 3577 1612 3626 p.
1653 3555 1738 3621 57,
1761 3554 1795 3609 9
1834 3555 2217 3619 διεβεβαιοῦτο
2258 3556 2455 3622 ὅρκοις

355 3652 496 3719 μηδὲ
535 3650 716 3715 αὐτὴν
754 3648 893 3715 μηδὲ
931 3649 998 3701 τὸ
1036 3648 1213 3713 αὐτῆς
1249 3647 1449 3700 τέκνον
1486 3644 1690 3699 εἰδέναι
1731 3640 2055 3708 Ἑλληνιστί.
