2581 4081
1383 228 1454 297 42'

546 421 615 484 P.
665 417 771 493 61,
826 417 907 482 16
966 423 1208 500 legitur
1265 418 1759 497 προσετέθησαν
1828 417 1946 485 οὖν
2009 424 2084 504 τῇ
2142 419 2259 483 τοῦ
2326 416 2464 497 Χρι-

370 526 531 590 στοῦ
578 524 811 609 ποίμνῃ
863 573 878 589 .
929 573 944 589 .
997 573 1011 588 .
1061 523 1200 590 ὀνό
1216 546 1416 605 ματα
1470 526 1821 606 τριακόσια.
1918 530 2105 607 Quod
2150 537 2225 591 ut
2285 537 2465 590 recte

367 637 810 712 intellegatur,
859 638 1233 696 meminisse
1281 645 1538 713 oportet
1586 639 1670 696 ab
1718 638 2021 697 omnibus
2067 638 2207 696 fere
2255 637 2466 714 genti-

368 743 492 802 bus
522 744 940 819 maximeque
973 745 1073 821 iis,
1124 746 1235 819 qui
1282 748 1351 804 in
1395 746 1703 805 inferiore
1737 751 1803 804 et
1835 745 2231 821 simpliciore
2280 744 2465 804 cultu

364 857 731 926 versantur,
803 867 1122 911 summam
1182 852 1320 910 vim
1357 831 1577 911 “tribui
1637 852 2013 912 nominibus
2081 856 2277 925 atque
2347 865 2465 926 per

365 962 573 1016 totum
631 959 769 1017 fere
827 960 1053 1018 orbem
1112 967 1435 1019 terrarum
1484 960 1822 1036 vulgatam
1875 975 2016 1018 esse
2064 958 2462 1033 opinionem,

368 1080 499 1138 qua
544 1063 822 1124 hominis
883 1070 1185 1125 naturam
1240 1065 1428 1139 quasi
1492 1065 1704 1125 tribus
1771 1065 2069 1140 partibus
2135 1069 2461 1132 constare,

370 1187 638 1247 corpore
697 1178 762 1230 et
821 1173 1040 1233 anima
1095 1178 1159 1231 et
1208 1174 1493 1249 nomine,
1565 1188 1800 1231 nomen
1868 1172 2071 1248 igitur
2128 1170 2461 1229 interdum

369 1278 581 1338 vicem
647 1283 980 1353 praestare
1038 1294 1226 1354 posse
1303 1279 1508 1354 ipsius
1573 1279 1852 1337 hominis
1921 1278 2261 1352 putabant.
2364 1274 2460 1336 Cf.

369 1384 450 1444 H.
500 1384 818 1460 Spencer:
888 1385 1008 1444 Die
1054 1385 1427 1460 Principien
1488 1385 1607 1445 der
1656 1385 2020 1462 Sociologie
2071 1383 2348 1442 deutsch
2395 1399 2459 1444 v·

369 1490 596 1551 Vetter
635 1491 667 1551 1
713 1485 834 1551 187
844 1486 879 1551 7
931 1508 990 1567 p.
1020 1486 1145 1551 297
1164 1514 1179 1550 :
1234 1492 1407 1564 „Fur
1453 1494 1546 1553 sie
1594 1492 1883 1569 gewinnt
1916 1492 2035 1550 der
2057 1491 2262 1549 Name
2312 1490 2458 1548 eine

366 1598 641 1673 gewisse
689 1598 1224 1666 Personlichkeit,
1298 1614 1371 1657 er
1436 1599 1520 1657 ist
1585 1598 1703 1657 der
1758 1598 2064 1658 Schatten
2123 1596 2284 1654 oder
2344 1596 2464 1654 der

373 1701 555 1763 Gcist
609 1706 767 1765 oder
827 1705 934 1764 ein
991 1706 1268 1765 anderes
1316 1705 1429 1764 Ich
1487 1706 1606 1764 der
1651 1706 1769 1763 mit
1815 1704 2071 1764 Fleisch
2126 1703 2265 1761 und
2313 1702 2461 1761 Blut

370 1809 698 1887 begabten
731 1802 1034 1873 Person.“
1132 1810 1330 1872 Cuius
1377 1811 1700 1886 opinionis
1731 1810 2013 1887 vestigia
2055 1809 2224 1884 apud
2262 1806 2459 1868 Grae·

370 1931 480 1975 cos
528 1933 784 1993 quoque
832 1924 1089 1977 veteres
1144 1918 1340 1978 facile
1374 1918 1969 1994 deprehenduntur.
2063 1916 2323 1976 Etenim
2356 1932 2461 1975 no-

370 2022 548 2083 mina
595 2024 1095 2103 diligentissime
1144 2026 1570 2086 observantes
1616 2027 1862 2086 bonum
1904 2026 1974 2086 in
2018 2023 2345 2101 eligendis
2381 2024 2460 2084 iis

371 2130 776 2204 quaerebant
822 2134 1170 2211 augurium
1195 2130 1240 2207 1)
1295 2150 1507 2208 neque
1554 2134 1657 2192 fas
1704 2133 2035 2194 ducebant
2082 2147 2321 2190 nomen
2370 2147 2460 2189 se·

370 2238 500 2296 mel
556 2238 836 2298 inditum
895 2247 1147 2299 mutare
1163 2235 1235 2315 ²).
1340 2240 1700 2315 Plurimum
1754 2256 1910 2298 vero
1968 2237 2234 2298 nomina
2286 2237 2461 2296 vale·

369 2344 530 2402 bant
594 2346 663 2404 in
728 2347 903 2407 omni
970 2348 1450 2423 superstitione.
1556 2346 1782 2421 Neque
1839 2345 2013 2404 enim
2085 2344 2294 2403 solum
2355 2360 2461 2403 no·

370 2452 550 2511 mina
590 2452 1023 2524 inimicorum,
1073 2471 1234 2528 quos
1279 2454 1714 2523 devovebant,
1766 2452 2165 2511 defixionum
2197 2451 2461 2510 tabellis

369 2558 839 2638 inscribebant,
910 2562 1026 2620 sed
1091 2577 1581 2636 nonnumquam
1660 2560 1860 2619 etiam
1925 2557 2255 2634 expressis
2320 2572 2462 2616 ver-

371 2663 474 2722 bis
523 2666 897 2743 defigebant
943 2661 1150 2741 ὄνομα
1198 2668 1562 2727 adversarii
1590 2663 1641 2742 ³)
1706 2666 1833 2725 rati
1893 2666 2157 2724 evenire
2211 2663 2462 2722 homini

370 2772 827 2847 quodcumque
898 2775 1191 2834 eveniret
1254 2774 1504 2834 nomini
1572 2774 1730 2836 eius,
1825 2772 2119 2832 Eandem
2170 2770 2254 2829 ob
2310 2785 2463 2830 cau-

550 3088 603 3156 1)
642 3093 1051 3143 Fick-Bechtel:
1090 3085 1193 3143 Die
1230 3091 1432 3158 griech.
1474 3091 1947 3143 Personennamen
1985 3109 2037 3155 p.
2069 3087 2150 3141 12.
2224 3094 2288 3143 E.
2333 3094 2464 3144 Cur·

370 3183 503 3234 tius:
543 3181 667 3232 Ges.
707 3182 1144 3248 Abhandlungen
1181 3183 1208 3231 1
1246 3198 1300 3247 p.
1339 3176 1444 3231 516
1463 3197 1503 3230 s.

549 3267 603 3334 22)
643 3271 705 3320 L.
745 3270 1012 3325 Schmidt:
1049 3270 1216 3321 Ethik
1257 3271 1354 3321 der
1389 3271 1540 3320 alten
1579 3270 1847 3321 Griechen
1884 3271 1940 3320 II
1977 3288 2030 3334 p.
2067 3265 2187 3320 146.

548 3356 602 3420 3)
642 3359 945 3411 Wuenscht
1002 3359 1345 3411 Defixionum
1402 3360 1624 3410 tabulae
1678 3360 1892 3425 Atticae
1949 3359 2092 3419 (GIA
2148 3359 2463 3425 Appendix)

373 3443 511 3499 1897
549 3448 716 3513 praef.
757 3465 808 3511 p.
830 3449 907 3499 IV
927 3465 967 3498 s.
1041 3449 1153 3498 Jos.
1181 3449 1377 3498 Klein:
1411 3448 1733 3498 Festschrift
1770 3464 1892 3498 zum
1932 3445 2253 3514 50jiihrigen
2289 3449 2463 3500 Jubil.

371 3537 467 3588 der
487 3536 1050 3588 Alterthumsfreunde
1086 3538 1158 3586 im
1197 3536 1541 3587 Rheinlande
1578 3536 1817 3601 (Bonner
1840 3536 2027 3587 Jahrb.
2059 3532 2220 3601 1891)
2262 3554 2314 3602 p.
2342 3532 2463 3588 132.

372 3621 492 3680 145.
567 3626 653 3677 W.
694 3625 871 3680 Kroll:
911 3626 1011 3678 Rh.
1050 3626 1191 3678 Mus.
1233 3630 1271 3675 t.
1310 3625 1414 3676 LII
1453 3641 1504 3690 p.
1542 3622 1637 3676 Ss.
