2581 4081
1179 186 1251 244 23

345 368 587 433 395d.
639 375 904 433 XXVII
938 393 1023 432 m.
1073 375 1317 451 Aprilis
1364 373 1682 431 Arcadius
1729 374 2079 451 imperator
2129 376 2260 432 Eu-

143 484 427 540 doaeiam
471 484 546 541 in
593 481 1081 539 matrimonium
1128 482 1307 539 ducit

340 581 471 646 395
519 591 581 647 d.
630 588 732 646 IX
772 606 857 645 m.
906 587 1276 647 Novembris
1343 584 1676 645 Theodosii
1720 587 1765 644 I
1813 603 2040 663 corpus
2103 584 2258 645 Con·

142 696 650 774 stantinopolim
698 695 974 752 allatum
1018 694 1322 769 sepelitur

340 794 471 860 395
518 803 753 877 Rufino
801 803 862 857 d.
899 800 1026 856 XX
1037 799 1166 857 VII
1201 818 1286 856 m.
1325 800 1484 857 Nov.
1534 758 1862 873 interfecto
1902 800 2267 876 Eutropius*

145 912 491 967 eunuchus
536 909 750 967 sancti
795 907 1074 965 cubiculi
1134 924 1224 982 pv
1226 907 1548 983 aepositus
1611 906 1979 983 plurimum
2046 907 2261 982 qratia

146 1016 348 1092 apud
396 1016 751 1073 Arcadium
797 1015 1245 1089 imperatorem
1290 1013 1501 1071 valere
1548 1013 1749 1088 coepit

338 1113 469 1178 395
516 1120 670 1178 inde
718 1121 802 1178 ab
871 1125 1153 1177 exeunte
1211 1133 1437 1176 mense
1484 1116 1756 1176 Octobri
1803 1133 2012 1191 usque
2060 1117 2144 1175 ad
2194 1117 2257 1174 d.

144 1226 252 1284 III
300 1243 386 1284 m.
434 1226 572 1285 Ian.
623 1220 754 1283 396
801 1217 1115 1297 ἀνομβρία
1163 1223 1381 1283 Gazae
1434 1217 1624 1293 17,9.
1679 1216 1781 1292 19,
1809 1218 1871 1281 3.
1898 1218 1976 1281 21

338 1330 469 1395 396
518 1338 580 1394 d.
631 1337 727 1395 III
784 1354 867 1395 m.
918 1337 1054 1395 Ian.
1133 1336 1551 1410 processione
1624 1351 1663 1391 a
1722 1331 2104 1393 Christianis
2175 1331 2259 1389 ad

144 1444 437 1502 imbrem
470 1443 951 1518 impetrandum
986 1442 1162 1500 facta
1193 1456 1471 1516 vespere
1492 1434 1539 1520 l)
1589 1441 1798 1498 imbre
1836 1439 2039 1498 effuso
2070 1436 2259 1497 multi

145 1529 403 1625 pagani
451 1566 490 1608 a
535 1550 899 1624 Porphyrio
948 1549 1372 1624 baptizantur
1424 1540 1954 1616 17,19--19,14

338 1649 469 1712 396
516 1656 670 1714 inde
719 1673 759 1714 a
807 1656 912 1713 die
943 1655 1040 1713 III
1086 1671 1295 1727 usque
1338 1654 1424 1711 ad
1473 1654 1647 1711 diem
1679 1653 1736 1713 V
1781 1668 1866 1711 m.
1915 1652 2055 1710 Ian.
2105 1651 2257 1708 assi·-

150 1763 329 1819 duus
385 1762 595 1820 imber
643 1761 860 1821 Gazae
912 1756 1014 1837 19,
1046 1755 1127 1819 19
1155 1778 1228 1830 s.,
1304 1775 1501 1834 quam
1571 1759 1655 1817 ob
1726 1775 1862 1818 rem
1920 1759 1985 1816 dr.
2035 1757 2124 1816 VI
2170 1774 2257 1815 111.

150 1868 298 1928 Ian.
347 1869 741 1943 theophania
787 1885 826 1925 a
872 1866 1256 1949 Christianis
1315 1882 1558 1943 magna
1600 1882 1755 1925 cum
1802 1865 2052 1925 laetitia
2097 1864 2259 1922 cele·

153 1976 441 2032 brantur
492 1969 593 2046 19,
622 1970 709 2033 24

338 2081 520 2140 Intra
567 2099 773 2140 annos
821 2076 950 2140 396
1009 2085 1073 2140 et
1121 2075 1250 2140 398
1303 2080 1519 2139 Gazae
1569 2079 1921 2139 Christiani
1971 2095 2010 2137 a
2057 2094 2257 2155 paga-

151 2188 260 2245 nis
320 2189 577 2246 iniuriis
643 2191 1032 2262 premuntur
1104 2191 1168 2246 et
1216 2188 1545 2246 Barochas
1611 2188 1905 2263 graviter
1971 2185 2259 2244 violatur

154 2428 224 2476 iis
245 2488 249 2491 .
273 2426 603 2491 temporibus
655 2425 796 2475 diem
844 2424 990 2491 apud
1027 2424 1361 2475 Christianos
1407 2427 1575 2475 totius
1624 2426 1752 2475 anni
1803 2426 2152 2476 festissimum
2203 2432 2261 2476 et

155 2515 533 2577 clarissimum,
569 2529 681 2564 una
719 2530 841 2563 cum
879 2529 1017 2563 novo
1056 2514 1309 2576 episcopo
1350 2514 1631 2564 celebrare
1669 2520 1868 2576 posset.

341 2599 394 2661 1)
436 2600 520 2663 18,
539 2598 611 2652 20
629 2619 669 2651 ε.
727 2598 945 2652 Marcus
984 2602 1319 2653 Christianos
1373 2602 1505 2653 hora
1558 2617 1702 2651 nona
1753 2602 1820 2651 ad
1860 2603 2010 2653 urbis
2049 2608 2259 2666 portam

161 2692 455 2743 revertisse
496 2691 641 2740 dicit.
717 2691 892 2752 Quam
930 2707 1055 2740 cum
1090 2691 1338 2740 clausam
1377 2691 1726 2750 invenissent,
1769 2689 1907 2739 duas
1945 2689 2105 2740 horas
2139 2692 2172 2739 i.
2211 2706 2256 2740 e.

158 2795 339 2846 usque
378 2779 448 2828 ad
486 2779 669 2828 horam
708 2780 1051 2829 undecimam
1091 2786 1220 2830 ante
1259 2785 1471 2843 portam
1522 2784 1859 2842 permanent,
1918 2794 2042 2828 cum
2081 2780 2258 2829 subito

158 2874 459 2935 tempestas
496 2869 730 2918 cooritur
765 2874 821 2917 et
858 2885 981 2918 mox
1017 2869 1132 2919 sole
1159 2869 1441 2918 occidente
1476 2868 1648 2918 imber
1673 2867 1986 2918 effunditur.
2061 2868 2259 2933 Itaque

160 2958 311 3023 apud
339 2957 585 3008 Gazaeos
611 2971 830 3022 quoque
857 2956 972 3006 dies
997 2957 1110 3007 sole
1138 2958 1346 3007 oriente
1371 2957 1584 3006 initium
1611 2957 1770 3019 cepit.
1811 2957 1879 3006 cf.
1914 2957 1978 3006 G.
2000 2955 2260 3022 Bilfinger
2295 3003 2300 3008 .

159 3046 297 3096 ‘Der
345 3045 720 3111 buergerliche
757 3041 906 3111 'Pag'
945 3041 1083 3095 1888
1121 3062 1170 3107 p.
1223 3041 1257 3095 8
1299 3044 1370 3093 al.
1444 3044 1626 3110 Atque
1666 3059 1789 3093 cum
1828 3060 2085 3095 numerus
2125 3044 2259 3094 ordi-

159 3134 303 3185 nalis
339 3133 504 3184 horae
542 3133 789 3183 adiectus
826 3147 1037 3198 semper
1076 3132 1190 3183 fere
1227 3132 1415 3182 horam
1454 3131 1662 3181 finitam
1701 3130 1969 3197 significet
2020 3127 2110 3195 (cf.
2149 3131 2260 3183 Bil-

160 3224 334 3290 finger
390 3221 522 3273 eDie
583 3221 808 3271 antiken
865 3216 1402 3287 Stundenangaben³
1460 3216 1598 3270 1888
1647 3237 1698 3282 p.
1736 3216 1872 3284 9⁸.)‚
1933 3220 2062 3269 hora
2116 3235 2259 3270 nona

162 3312 311 3376 apud
356 3312 601 3361 Gazaeos
637 3309 788 3359 initio
835 3325 903 3358 m.
942 3310 1058 3359 Ian.
1098 3308 1264 3359 horae
1317 3314 1532 3360 nostrae
1571 3303 1729 3372 2302
1784 3307 1919 3357 11013
1971 3309 2260 3360 1111ᾶοοἰ1113

163 3406 380 3450 nostrae
428 3395 570 3462 4‚10‘
626 3397 931 3461 respondet,
988 3398 1114 3448 solis
1165 3404 1350 3448 autem
1399 3413 1625 3448 occasus
1670 3399 1726 3447 in
1787 3397 1972 3447 horam
2022 3403 2258 3448 nostram

165 3490 411 3554 quintam
446 3486 608 3536 cadit.
685 3485 764 3536 Cf.
792 3484 1054 3553 Bilfinger
1078 3486 1115 3536 1.
1145 3502 1189 3536 c.
1217 3502 1269 3553 p.
1307 3482 1426 3549 157,
1466 3501 1573 3551 quo
1612 3485 1730 3534 loco
1766 3488 2012 3539 tabulam
2051 3487 2260 3538 addidit

164 3577 415 3627 horarum
438 3575 945 3639 Alexandrinarum,
983 3591 1124 3640 quae
1153 3575 1492 3626 Gazaeorum
1519 3573 1662 3624 horis
1690 3576 1889 3638 optime
1914 3576 2257 3639 respondent.
