2581 4081
1127 275 1198 343 33

235 479 238 482 ’
295 459 427 529 415
473 460 864 549 Porphyrius
909 473 1146 548 synodo
1192 473 1494 548 interfuit
1525 467 2031 549 Diospolitanae,
2081 480 2213 549 quot

117 578 479 655 Pelayiana
522 579 794 637 haeresis
841 581 1159 636 damnata
1206 583 1295 637 est
1323 573 1372 652 ¹)

226 688 231 691 “
294 676 426 741 415
472 685 580 742 vel
627 685 826 758 paulo
874 689 1021 758 post
1042 679 1093 759 2)
1143 684 1504 759 Procopius
1555 685 1953 744 anachoreta
1999 684 2212 743 Rhodi

115 791 183 849 in
233 791 452 849 insula
498 791 774 849 moritur
823 784 929 859 30,
965 784 1052 848 24

295 891 422 955 417
473 899 569 955 vel
606 899 812 974 paulo
874 903 1023 957 ante
1068 899 1374 975 Praylius
1430 899 1759 976 episcopus
1809 900 1882 973 fit
1926 898 2213 956 Hieroso-

115 1004 437 1080 lymorum
464 999 515 1077 3)
1843 1048 1846 1051 -

294 1103 427 1168 420
494 1111 554 1168 d.
623 1111 846 1171 XXVI
915 1130 1001 1172 m.
1074 1111 1267 1171 Febr.
1344 1111 1753 1187 Porphyrius
1824 1113 2213 1170 testamento

113 1219 298 1276 facto
348 1210 452 1294 75,
493 1211 594 1276 14.
648 1212 730 1277 19
777 1220 1055 1279 moritur
1103 1212 1209 1296 82,
1245 1212 1284 1277 8
1338 1235 1388 1278 s.

302 1436 354 1502 1)
394 1440 460 1490 cf.
489 1440 778 1507 Augustin.
809 1457 854 1490 c.
880 1439 1077 1490 Iulian.
1113 1441 1141 1490 I
1179 1436 1212 1491 5
1249 1440 1404 1490 PLM
1442 1440 1620 1490 XLIV
1658 1457 1710 1505 p.
1730 1435 1865 1504 6523
1902 1437 2214 1491 ‘Habemus

115 1528 258 1578 alios
296 1529 586 1579 orientales
615 1530 894 1592 episcopos
922 1529 1388 1595 quattuordecim:
1426 1528 1735 1594 Eulogium,
1773 1529 2051 1592 Ioannem,
2092 1530 2214 1579 Am-

113 1617 453 1680 monianum,
494 1617 869 1680 Porphyrium,
907 1618 1220 1682 Eutonium,
1262 1616 1638 1683 Porphyrium,
1677 1616 1889 1680 Fidum,
1935 1617 2214 1682 Zoninum,

115 1705 489 1768 zoboennum,
531 1705 934 1771 Nymphidium,
963 1705 1347 1769 Chromatium‚
1385 1706 1650 1769 Iovinum,
1676 1704 2070 1769 Eleutherium,
2098 1705 2215 1756 Cle-

116 1794 368 1854 matium,
426 1809 560 1857 quos
599 1808 706 1845 uno
745 1793 863 1844 loco
901 1792 1060 1843 simul
1098 1795 1347 1844 inventos
1385 1795 1439 1843 in
1485 1795 1647 1844 istum
1696 1809 2002 1844 consessum
2052 1796 2213 1845 intro·

113 1883 322 1932 ducere
373 1882 671 1946 valeamus,
730 1882 851 1932 illos
900 1884 1059 1947 ipsOS,
1117 1883 1211 1947 qui
1247 1882 1474 1948 Pelagio
1525 1882 1732 1932 iudices
1781 1880 2214 1948 praesederunt'.

114 1971 195 2021 cf.
237 1970 360 2020 adn.
399 1970 642 2021 Severini
668 1972 814 2021 Binii
858 1972 1007 2037 apud
1032 1972 1211 2022 Mansi
1237 1970 1439 2022 Concil.
1468 1970 1587 2020 coll.
1614 1971 1692 2021 IV
1717 1987 1768 2033 p.
1789 1965 1894 2021 315
1914 1988 1973 2033 s.,
2014 1973 2215 2025 Hefele

112 2061 587 2127 Conciliengesch.
625 2061 682 2111 II
720 2078 771 2124 p.
811 2058 899 2112 95.

298 2147 354 2216 2)
393 2151 611 2201 Marcus
649 2152 810 2215 enim,
852 2167 960 2216 quo
999 2157 1242 2213 tempore
1271 2150 1556 2215 Porphyrii
1584 2150 1751 2200 vitam
1780 2150 2052 2212 describit,
2090 2152 2216 2202 Pro-

115 2241 335 2305 copium
385 2240 626 2305 quinque
678 2241 834 2300 annis
885 2246 1014 2290 aute
1065 2246 1337 2289 mortuum
1390 2254 1509 2289 esse
1562 2235 1692 2288 dicit
1745 2235 1831 2303 30,
1871 2235 1956 2289 24.
2034 2241 2215 2291 Vitam

114 2335 306 2380 autem
344 2341 485 2377 anno
525 2322 646 2391 420,
674 2335 839 2378 certe
878 2345 984 2378 non
1024 2334 1144 2392 post
1181 2341 1385 2377 annum
1426 2322 1528 2376 421
1571 2327 1895 2389 descriptam
1936 2343 2054 2379 esse
2094 2346 2216 2380 con-

116 2424 447 2470 sentaneum
486 2422 586 2466 est.

261 2502 320 2566 3)
361 2505 440 2556 cf.
481 2519 646 2567 supra
686 2521 736 2567 p.
766 2500 853 2554 21.
