2581 4081
1140 255 1210 309 25

123 451 394 512 gressus
428 435 663 493 dirutis
696 435 1062 494 simulacris
1095 437 1341 510 templa
1388 437 1637 496 claudit
1668 440 1944 512 excepto
1970 438 2221 496 Marnio

124 534 236 612 25,
275 536 357 603 16
391 558 476 600 se.

310 642 442 707 399
499 652 561 708 a.
623 649 785 708 XIX
836 669 922 708 m.
979 652 1126 708 Ian.
1185 625 1526 710 Pz‘acheria
1581 651 1847 710 Arcada
1905 652 2046 726 fllia
2108 668 2224 710 na-

122 756 332 814 scitur

308 855 441 920 399
506 864 842 922 Tumultus
911 863 983 921 in
1030 863 1186 921 Asia
1241 864 1612 922 exardescit.
1708 865 2068 940 Eutropius
2123 882 2224 923 eu·

124 970 380 1028 nuchus
438 970 658 1028 consul
728 968 950 1030 Gaina
1003 969 1354 1030 Gothorum
1418 972 1578 1028 duce
1637 974 1891 1028 auctore
1927 962 2225 1047 ‘Cyprum

124 1076 463 1153 relegatur.
536 1077 740 1134 Paulo
778 1080 926 1153 post
970 1074 1432 1135 Chalcedouem
1478 1078 1755 1135 mittitur
1801 1081 1857 1135 et
1897 1078 2023 1152 flue
2069 1078 2227 1135 eius-

127 1186 275 1243 dem
320 1185 418 1242 vel
464 1185 652 1242 initio
698 1184 1087 1260 insequentis
1135 1186 1302 1243 anni
1347 1185 1726 1260 interficitur
1745 1179 1791 1258 1)

310 1283 443 1347 400
490 1292 551 1349 d.
602 1291 667 1348 X
714 1310 796 1348 m.
847 1291 996 1349 Ian.
1046 1292 1357 1350 Eudooeia
1403 1291 1670 1350 Arcadii
1727 1308 1893 1349 umor
1939 1291 2229 1367 Augusta

127 1398 518 1472 declaratur,
567 1415 730 1474 quae
759 1398 910 1457 inde
957 1399 1036 1457 ab
1068 1400 1180 1457 hoc
1226 1403 1500 1476 tempore
1536 1398 1904 1475 plurimum
1943 1398 2018 1456 iu
2047 1398 2229 1455 rebus

118 1504 408 1583 publicis
453 1504 620 1562 valet

316 1603 449 1667 400
528 1610 717 1669 initio
798 1611 1115 1670 Arcadius
1191 1613 1540 1688 imperator
1612 1608 2005 1669 Chalcedone
2085 1628 2232 1668 cum

138 1717 368 1779 Gaina
413 1718 725 1776 convenit.
825 1717 1076 1778 Gaiuas
1112 1719 1320 1796 paulo
1358 1723 1504 1795 post
1520 1713 1570 1790 2)
1612 1716 2233 1794 Constantinopolim-

1763 1807 1779 1834 0

134 1956 204 2008 G.
243 1956 534 2009 Rauschen
572 1954 938 2009 ‘Jahrbflcher
981 1957 1076 2007 der
1122 1957 1324 2007 christl.
1364 1957 1562 2008 Kirche
1603 1963 1763 2008 unter
1809 1957 2143 2007 Theodosius
2181 1957 2231 2006 d.

135 2040 403 2098 Grossen’
441 2042 579 2096 1897
617 2063 669 2110 p.
711 2042 794 2096 12.
827 2043 948 2097 270.
1024 2047 1332 2112 Utrumque
1382 2062 1553 2097 unum
1602 2047 1945 2112 eundemque
1984 2062 2103 2097 esse
2141 2046 2233 2095 ha-

135 2134 382 2186 bendum
419 2134 688 2185 hominem
728 2151 791 2186 eo
829 2136 1108 2199 probabile
1147 2141 1246 2196 est,
1306 2137 1451 2202 quod
1489 2136 1582 2187 ille
1620 2136 1835 2186 Libanii
1872 2137 2077 2187 amicus
2116 2140 2234 2186 erat

135 2223 231 2284 (ef.
270 2222 463 2273 Liban.
501 2225 658 2287 epist.
697 2219 819 2275 957.
858 2220 1002 2288 973),
1058 2223 1144 2275 hie
1197 2227 1426 2291 paganis
1472 2224 1699 2275 indulsit
1748 2229 1917 2290 atque
1956 2231 2234 2275 consenta-

133 2326 305 2363 neum
344 2318 427 2362 est
463 2313 533 2362 ab
563 2311 796 2362 Arcadio
835 2313 1055 2363 missum
1081 2329 1201 2365 esse
1225 2313 1513 2376 hominem,
1552 2313 1640 2363 cui
1675 2314 1784 2363 iam
1824 2320 1992 2364 antea
2028 2328 2115 2364 res
2152 2329 2232 2364 re·

136 2400 443 2467 gionesque
480 2406 644 2451 notae
684 2407 882 2451 essent.

323 2484 377 2550 1)
415 2490 612 2539 Exstat
650 2490 886 2541 edictum
925 2491 992 2541 de
1029 2492 1290 2555 Eutropio
1328 2490 1621 2556 relegando
1659 2491 1715 2539 in
1752 2489 1868 2539 cod.
1908 2489 2113 2539 Theod.
2152 2490 2232 2539 IX

135 2573 228 2639 40,
254 2573 319 2627 17
359 2577 447 2628 die
484 2579 642 2629 XVII
692 2596 759 2629 m.
798 2580 918 2630 Ian.
964 2576 1069 2631 399
1107 2579 1330 2630 editum.
1407 2579 1513 2630 Sed
1553 2580 1750 2630 mensis
1787 2595 1983 2629 nomen
2022 2594 2236 2641 corrup·

137 2672 259 2717 tum
316 2671 373 2717 et
408 2667 730 2733 Eutropium
784 2668 993 2733 aliquot
1048 2669 1323 2719 mensibus
1371 2675 1494 2731 post
1540 2668 1756 2719 demum
1803 2672 2067 2719 remotum
2118 2681 2236 2716 esse

139 2754 438 2804 Tillemont
473 2752 644 2806 eHist.
683 2757 781 2807 des
818 2772 1129 2820 empereurs
1160 2757 1210 2808 V
1247 2775 1299 2820 p.
1341 2754 1446 2808 780
1482 2774 1524 2808 s.
1576 2757 1983 2808 demonstravit.
2062 2756 2237 2817 Quem

139 2857 329 2894 omnes
365 2845 481 2895 fere
518 2846 618 2895 viri
652 2845 795 2896 docti
833 2847 1007 2897 secuti
1044 2851 1187 2896 sunt.
1262 2847 1433 2897 Recte
1472 2851 1655 2898 autem
1694 2847 1897 2897 Birtius
1935 2845 2144 2895 monuit
2181 2844 2236 2892 in

140 2932 483 2999 praefatione
522 2932 809 2984 Claudiani
858 2935 942 2984 sui
988 2951 1040 3001 p.
1080 2936 1286 2986 XXXV
1333 2941 1445 2986 not.
1493 2931 1578 2999 20,
1636 2936 1767 3002 quia
1816 2936 1906 2985 lex
1944 2935 2239 2997 insequens

143 3019 285 3080 (cod.
329 3021 593 3071 Theodos.
631 3022 711 3071 IX
748 3017 945 3086 40,18)
984 3023 1117 3074 VIII
1156 3023 1279 3073 Kal.
1320 3025 1459 3090 Aug.
1501 3024 1631 3074 data
1668 3029 1827 3088 esset,
1867 3023 2044 3088 legem
2082 3035 2238 3085 prae-

144 3108 435 3160 cedentem
473 3116 603 3160 ante
640 3127 765 3162 eum
805 3112 946 3163 diem
985 3112 1157 3162 latam
1195 3128 1331 3163 esse.
1408 3113 1515 3163 Sed
1553 3129 1660 3163 non
1698 3118 1782 3164 est
1806 3112 2240 3175 praetermitten-

144 3197 279 3248 dum
335 3198 445 3248 iam
492 3199 541 3248 d.
592 3200 721 3250 XVI
771 3218 839 3251 m.
889 3202 1049 3251 Mart.
1103 3198 1241 3265 (cod.
1282 3201 1487 3251 Theod.
1529 3202 1603 3251 VI
1650 3198 1734 3264 27,
1760 3197 1848 3263 11)
1896 3199 2240 3249 Hadrianum

145 3286 467 3362 magistrum
514 3288 805 3339 officiorum
842 3290 1026 3352 fuisse,
1084 3290 1313 3340 Hosium
1358 3291 1526 3355 igitur
1562 3289 1811 3353 Eutropii
1858 3287 2240 3338 amicissimum

144 3380 316 3426 antea
360 3382 626 3427 remotum
665 3392 800 3428 esse.
875 3379 1069 3429 Nescio
1114 3379 1281 3444 igitur
1328 3394 1398 3429 an
1444 3384 1593 3430 recte
1631 3378 1847 3429 Sievers
1884 3377 1919 3427 1.
1960 3393 2006 3425 c.
2044 3392 2095 3438 p.
2135 3372 2243 3425 360

147 3479 219 3516 ex
263 3464 367 3515 hac
411 3480 471 3515 re
516 3465 842 3517 concluserit
878 3467 1199 3533 Eutropium
1249 3482 1471 3532 quoque
1520 3468 1627 3518 iam
1677 3467 1769 3517 ino
1816 3471 2058 3528 tempore
2105 3465 2139 3513 i.
2194 3480 2240 3514 e.

148 3553 340 3605 medio-
365 3554 481 3605 fere
519 3569 704 3606 mense
741 3555 937 3606 Martio
972 3555 1278 3622 relegatum
1319 3571 1454 3607 esse.

328 3638 386 3707 2)
425 3642 490 3693 cf.
532 3643 1025 3712 Gueldenpenning
1062 3645 1097 3695 1.
1138 3661 1183 3695 c.
1221 3662 1274 3711 p.
1314 3641 1400 3695 99.
