2581 4081
1381 226 1452 282 50

374 406 598 484 μιλίων
622 408 835 483 τριῶν.
882 412 1026 469 Act.
1052 410 1335 485 Philippi
1356 416 1563 485 apost.
1590 410 1981 469 Anall.Boll.
2003 410 2100 470 IX
2121 427 2185 485 p.
2215 405 2378 480 236,
2401 406 2472 468 13

374 512 434 575 οἱ
492 513 562 575 δὲ
627 509 810 589 ὄχλοι
881 511 1268 589 θεασάμενοι
1337 510 1413 575 τὸ
1476 511 1748 588 γεγονὸς
1821 509 2077 590 ἔθλιβον
2144 510 2470 589 ἀλλήλους

373 617 656 693 ἐγγίζειν,
685 617 804 694 τὴν
849 616 1071 694 κλίνην
1118 615 1418 693 θέλοντες
1467 616 1625 680 ἰδεῖν
1669 618 1745 680 τὸ
1769 626 1774 633 ’
1795 620 2020 696 θαῦμα.

550 728 760 789 Aliter
801 733 1020 791 autem
1052 728 1478 789 iudicandum
1512 745 1746 788 censeo
1780 729 1862 788 de
1900 730 2204 789 codicum
2247 731 2470 790 verbis

375 819 740 919 δήλωσὸν
787 848 874 907 με
920 851 982 910 p.
1031 827 1139 905 45,
1165 828 1273 894 23.
1348 833 1516 893 Nam
1547 852 1758 910 pauca
1804 836 2186 895 recentioris
2236 836 2471 895 aetatis

374 957 581 1017 eaque
614 957 699 1000 ex
733 947 920 1016 parte
953 940 1206 1001 incerta
1236 940 1396 999 mihi
1431 941 1706 1018 contigit
1737 942 2137 1019 investigare
2163 944 2472 1017 exempla

374 1048 564 1108 verbi
612 1043 854 1119 δηλοῦν
902 1062 1050 1106 cum
1085 1047 1465 1106 accusativo
1498 1048 1849 1107 coniuncti.
1900 1048 1995 1109 Of.
2021 1049 2151 1108 Leo
2176 1047 2469 1110 Gramm.

375 1172 438 1229 p.
488 1147 746 1224 352,11
798 1152 1002 1222 Bonn.
1073 1150 1258 1225 δηλοῖ
1316 1148 1432 1212 τὸν
1483 1148 1881 1228 πατριάρχην
1936 1149 1974 1213 6
2021 1148 2221 1224 Λέων,
2289 1148 2391 1215 ὅτι
2435 1149 2469 1213 ὁ

272 1315 277 1321 .
378 1256 537 1331 λαός
607 1254 1091 1321 σκανδαλίζεται
1157 1253 1262 1318 διὰ
1335 1254 1452 1331 τὰς
1522 1255 1794 1333 εἰκόνας.
1905 1262 2204 1322 Moschus
2274 1261 2468 1322 PGM.

377 1365 747 1427 LXXXVII
779 1360 820 1424 3
854 1383 916 1441 p.
942 1357 1162 1424 28761‘
1209 1363 1323 1438 τῆς
1374 1361 1444 1424 δὲ
1486 1362 1702 1439 χρείας
1745 1361 2250 1440 κατεπειγούσης
2285 1365 2471 1440 δηλοῖ

377 1466 574 1531 αὐτὸν
621 1465 659 1529 6
705 1466 936 1544 γέρων,
1000 1487 1060 1546 p.
1097 1466 1223 1530 287
1232 1467 1267 1530 7
1288 1474 1319 1505 a
1352 1466 1681 1544 ἐδήλωσεν
1724 1466 1922 1532 αὐτὸν
1968 1469 2189 1547 μερίδα
2222 1469 2471 1547 πέμψαι

377 1577 493 1652 τῆς
541 1572 739 1637 αὑτοῦ
789 1573 1151 1650 κοινωνίας,
1244 1595 1307 1653 p.
1355 1570 1577 1637 306812
1626 1575 1727 1653 καὶ
1779 1573 2081 1653 ἑωρακὼς
2132 1576 2251 1653 τὴν
2299 1576 2471 1639 ἐλευ-

377 1679 572 1758 θέρον
619 1677 750 1757 ἅμα
791 1684 881 1762 τῷ
929 1677 1114 1758 ἀνδρὶ
1156 1669 1356 1756 αὐτῆς
1397 1680 1824 1759 καθεζομένην
1855 1681 2101 1759 ἐτρώθη
2144 1680 2236 1759 εἰς
2268 1679 2470 1759 αὐτὴν

378 1784 483 1866 (ἦν
515 1778 637 1869 γὰρ
671 1784 1030 1863 ὡραιοτάτη
1065 1783 1262 1866 πάνυ)
1297 1786 1398 1848 καὶ
1434 1788 1621 1865 δηλοῖ
1653 1786 1852 1851 αὐτὸν
1885 1786 1991 1851 διὰ
2029 1788 2465 1866 φυλακίτουῑ).

376 1897 473 1958 Cf.
500 1897 874 1972 Theophan.
926 1896 958 1955 Ι
1005 1913 1068 1971 p.
1106 1890 1258 1962 393,
1306 1892 1386 1956 13
1435 1899 1517 1957 de
1563 1899 1752 1957 Boor.
1801 1899 1955 1958 adn.
2004 1898 2147 1958 crit.
2238 1899 2468 1974 Itaque

344 2019 526 2072 ,cum
597 2010 660 2063 et
730 2019 793 2078 p.
847 1996 948 2073 13,
975 1996 1060 2061 23
1131 2004 1392 2081 legatur
1438 1998 1638 2066 ταῦτά
1684 2018 1789 2078 μοι
1845 1998 1883 2063 6
1950 1999 2275 2079 δεσπότης
2331 2001 2469 2080 Χρι·

376 2105 534 2182 στὸς
583 2104 915 2183 ἐδήλωσεν
962 2119 1028 2170 et
1074 2112 1388 2172 facillime
1436 2109 1541 2187 μοί
1597 2120 1662 2174 et
1718 2110 1793 2188 μέ
1850 2116 2023 2175 inter
2078 2132 2148 2174 se
2203 2116 2470 2176 confun-

315 2248 319 2254 ·
377 2217 638 2287 dantur,
709 2217 851 2276 iure
898 2234 960 2293 p.
1010 2212 1119 2289 45,
1168 2213 1252 2277 23
1315 2214 1617 2292 δήλωσον
1677 2236 1781 2293 μοι
1842 2237 1990 2281 cum
2053 2238 2095 2279 v
2154 2224 2472 2298 scriptum

377 2337 519 2379 esse
567 2328 746 2396 puto.

555 2426 696 2502 Quo
743 2434 960 2488 autem
1008 2430 1221 2507 magis
1275 2432 1697 2492 accusativus
1753 2432 1822 2491 in
1870 2448 2166 2493 sermone
2215 2436 2476 2513 volgari

375 2533 926 2607 increbrescebat,
975 2554 1052 2597 eo
1100 2540 1311 2615 magis
1360 2540 1427 2598 in
1475 2546 1842 2599 ceterorum
1888 2557 2147 2615 quoque
2204 2558 2479 2603 casuum

375 2656 497 2699 usu
544 2641 920 2700 titubabant
965 2641 1282 2706 homineS.
1375 2646 1477 2704 Ita
1522 2646 1771 2706 factum
1836 2654 1956 2724 est,
2022 2653 2095 2707 ut
2150 2648 2478 2725 analogiis

377 2746 659 2804 maxime
726 2747 1121 2820 quibusdam
1162 2750 1460 2810 adducti
1525 2752 1749 2811 verbis
1816 2753 2065 2827 aliquot
2132 2754 2259 2813 rite
2328 2772 2478 2814 cum

376 2852 751 2912 accusativo
800 2855 1165 2916 coniunctis
1197 2874 1330 2916 non
1362 2874 1509 2917 raro
1557 2860 1754 2919 etiam
1789 2861 2084 2920 dativum
2131 2860 2480 2922 adderent.

555 2954 749 3018 Velut
795 2961 1315 3039 προσκυνεῖν,
1396 2966 1569 3037 quod
1647 2965 1826 3040 apud
1889 2966 2141 3025 Atticos
2219 2982 2484 3043 semper

377 3064 825 3124 accusativum
891 3067 1108 3139 habet,
1176 3071 1648 3144 posterioribus
1713 3072 2119 3147 temporibus
2179 3072 2484 3133 similiter

377 3175 575 3243 atque
624 3166 952 3244 λατρεύειν
1000 3175 1260 3250 saepius
1294 3192 1442 3236 cum
1492 3178 1715 3236 dativo
1764 3179 2203 3255 coniungitur.
2265 3179 2481 3256 Atque

536 3422 587 3490 1)
628 3425 884 3478 Similiter
921 3428 1091 3481 semel
1129 3427 1360 3493 μηνύειν
1398 3446 1518 3483 cum
1557 3433 1869 3485 accusativo
1906 3434 2258 3502 coniungitur
2295 3451 2331 3488 a
2369 3437 2480 3489 Ma-

392 3514 612 3652 mam}
644 3511 778 3653 1233,
817 3512 852 3566 6
916 3514 1194 3581 ἐμήνυσεν
1249 3508 1450 3576 αὐτὸν
1481 3519 1803 3585 Τιβεριανὸς
1855 3525 2052 3574 ταῦτα.
2138 3523 2211 3574 At
2247 3526 2318 3575 cf.
2359 3526 2396 3577 l.
2435 3543 2479 3576 c.

390 3619 440 3666 p.
589 3639 602 3665 ‚
748 3603 819 3655 al.
