2581 4081
1370 219 1440 275 32

536 397 668 463 402
734 419 864 462 non
935 406 1085 462 ante
1152 419 1443 462 mensem
1507 403 1770 462 Iunium
1816 403 2122 463 Eudoxia
2167 404 2457 480 descrip-

363 510 608 569 tionem
638 527 850 569 novae
883 510 1201 569 ecclesiae
1236 511 1623 570 condendae
1649 509 1893 570 Gazam
1925 511 2123 571 mittit
2154 505 2262 582 62,
2295 507 2375 572 17
2405 529 2455 571 s,

547 610 679 675 402
728 618 922 691 paulo
979 619 1125 691 post
1178 617 1431 675 litteras
1486 616 1825 693 Augustae
1884 621 2188 693 acceptas
2247 635 2287 677 a
2332 619 2457 677 Ru-

368 725 498 781 fino
568 723 1006 782 Antiochense
1076 723 1435 781 architecto
1504 740 1678 782 nova
1757 724 2040 784 ecclesia
2117 725 2456 784 aedificari

370 833 602 905 coepta
648 833 745 888 est
791 823 897 899 63,
952 823 1230 906 18-65‚
1280 824 1366 888 23

546 931 677 995 403
726 939 787 996 d.
838 937 903 994 X
944 955 1028 994 m.
1075 938 1222 995 Ian.
1272 938 1540 995 Marina
1585 938 1852 996 Arcadii
1891 939 2033 1013 filia
2078 940 2370 998 nascitur

546 1037 677 1102 403
727 1044 866 1101 sive
912 1036 1046 1100 404
1071 1038 1120 1117 ¹)
1178 1043 1454 1119 triginta
1501 1043 1672 1102 duae
1729 1045 2072 1103 columnae
2119 1043 2458 1122 Carystiae

371 1152 455 1210 ab
503 1151 807 1209 Eudoxia
852 1149 1209 1224 promissae
1258 1148 1502 1209 Gazam
1549 1151 2037 1209 transferuntur
2083 1145 2188 1221 68,
2240 1144 2459 1210 7-25

548 1251 681 1314 404
728 1259 789 1315 d.
825 1256 951 1314 XX
976 1275 1059 1313 m.
1094 1257 1245 1314 Iun.
1281 1257 1558 1315 Ioannes
1609 1255 2084 1333 Chrysostomus
2136 1256 2461 1318 Cucusum

370 1366 708 1423 Armeniae
781 1365 854 1422 in
919 1364 1230 1440 oppidum
1301 1364 1612 1441 releqatus
1681 1362 2303 1443 Constantinopolim
2371 1384 2459 1424 re-

372 1472 609 1549 linquit

548 1571 681 1634 404
727 1579 789 1634 d.
851 1577 945 1635 VI
979 1595 1063 1633 m.
1118 1575 1247 1635 Oct.
1299 1577 1608 1635 Eudooeia
1652 1577 1943 1654 Anqusta
1987 1578 2261 1636 moritur

549 1676 681 1740 404
737 1687 885 1741 ante
943 1684 1230 1760 elapsum
1289 1701 1542 1741 annum
1599 1684 1875 1742 Ioannes
1938 1682 2301 1748 Οαεεανοαε,
2340 1684 2464 1760 epi·

372 1808 598 1867 scopus
643 1790 917 1848 moritur
937 1784 984 1861 2)

553 1914 610 1954 a.
672 1896 812 1954 fere
870 1889 1022 1965 404,
1096 1899 1272 1955 certe
1333 1898 1484 1955 ante
1542 1912 1596 1954 a.
1657 1890 1785 1955 407
1847 1895 2252 1972 Porphyrius
2314 1910 2465 1954 cum

373 2003 543 2063 Iulia
588 2003 972 2061 Manichaea
1020 2001 1311 2078 disputat
1358 2003 1784 2078 hominesque
1833 2003 1916 2061 ab
1950 2003 2064 2061 illa
2112 2018 2466 2062 conversos

376 2112 462 2169 ad
510 2109 746 2169 Christi
794 2110 992 2168 fidem
1038 2113 1310 2168 revocat
1356 2103 1463 2179 68,
1514 2103 1729 2168 26-7
1737 2104 1798 2181 3,
1834 2104 1921 2169 20

552 2212 679 2275 407
755 2218 861 2275 die
917 2218 1422 2275 resurrectionis
1480 2217 1723 2275 domini
1798 2212 1870 2290 (i.
1929 2234 1986 2274 e.
2045 2216 2110 2275 d.
2165 2215 2324 2274 XIV
2380 2232 2467 2274 m.

377 2319 645 2398 Aprilis)
717 2339 890 2382 nova
959 2323 1240 2381 ecclesia
1301 2320 1517 2381 Gazae
1589 2323 1935 2381 dedicatur
2000 2324 2064 2380 et
2130 2323 2199 2380 in
2269 2322 2470 2380 hono·

375 2448 513 2490 rem
562 2431 900 2507 Augustae
948 2431 1077 2488 iam
1128 2430 1480 2488 defunctae
1531 2422 1884 2501 Εὐδοξιανή
1933 2428 2310 2487 nominatur
2362 2423 2467 2498 73,

377 2530 642 2594 21-25

553 2645 700 2716 post
746 2658 804 2699 a.
853 2636 980 2700 407
1041 2642 1328 2699 tumultu
1395 2658 1799 2718 paganorum
1851 2639 2067 2700 Gazae
2128 2642 2272 2698 orto
2320 2639 2473 2698 Por-

376 2750 652 2824 phyrius
723 2764 872 2807 cum
927 2748 1145 2806 Marco
1204 2747 1482 2805 diacono
1548 2748 1780 2824 fugere
1830 2750 2094 2806 coactus
2162 2762 2200 2803 a
2247 2746 2473 2820 puella

378 2857 663 2930 quadam
709 2858 1010 2914 servatur
1057 2870 1320 2930 pagana
1370 2848 1473 2924 75,
1509 2848 1725 2913 20-7
1732 2847 1794 2931 9,
1830 2848 1870 2911 8
2339 2895 2346 2901 .

553 2956 681 3019 407
734 2964 795 3020 d.
831 2962 997 3020 XIV
1018 2980 1103 3019 m.
1137 2960 1307 3038 Sept.
1333 2962 1608 3020 Ioannes
1636 2959 2111 3037 Chrysostomus
2157 2959 2231 3017 in
2278 2960 2474 3018 exilio

374 3070 647 3128 moritur
2283 3043 2289 3050 .

548 3168 680 3233 408
730 3175 879 3233 Kal.
931 3176 1127 3234 Maiis
1173 3175 1492 3233 Arcadius
1536 3176 1886 3252 ‘Imperator
1930 3173 2203 3231 moritur

556 3428 610 3496 1)
650 3431 790 3484 Nam
827 3438 953 3483 ante
979 3433 1282 3483 Eudoxiam
1322 3436 1586 3482 mort-uam
1613 3430 1714 3481 hoc
1739 3431 1943 3481 factum
1972 3443 2091 3480 esse
2117 3442 2343 3478 necesse
2372 3433 2472 3478 est.

553 3515 609 3583 2)
647 3521 844 3571 Exstat
889 3523 1032 3571 enim
1068 3522 1288 3573 Ioannis
1327 3520 1688 3585 Chrysostomi
1734 3519 1803 3568 ad
1841 3518 2133 3584 Eulogium
2181 3516 2300 3567 cius
2352 3532 2475 3568 suc·

378 3623 644 3659 cessorem
687 3609 920 3672 epistula
959 3609 1171 3664 Cucuso
1210 3610 1341 3659 data
1379 3624 1429 3659 a.
1467 3604 1574 3658 404
1612 3606 1686 3672 (n.
1725 3604 1794 3659 87
1834 3607 1988 3658 PGM
2026 3606 2129 3655 LII
2168 3621 2219 3669 p.
2260 3600 2413 3664 654).
