2581 4081
1114 233 1181 286 19

101 415 541 474 describenda
587 431 777 473 usum
810 431 971 473 esse.
1037 414 1182 473 Non
1230 415 1435 491 igitur
1465 414 1680 490 videO,
1730 430 1849 473 eur
1894 415 1956 473 ei
2001 413 2198 473 fldem

102 522 516 597 derogemuS‚
588 538 738 580 eum
799 523 960 581 dieit
1006 516 1067 592 3,
1096 516 1182 586 24
1209 538 1293 583 ss,
1344 514 1500 579 αἰτῶ
1556 516 1628 579 δὲ
1684 515 1841 593 τοὺς
1899 515 2201 594 ἐντυγχά-

100 641 341 700 νοντας
372 626 537 707 τῷδε
584 628 674 707 τῷ
714 622 1155 702 συγγράμματι
1177 623 1257 701 μὴ
1294 620 1591 686 ἀπιστεῖν
1622 624 1762 700 τοῖς
1791 621 2198 700 λεγομένοις·

101 729 430 807 αὐτόπτης
490 728 613 807 γὰρ
672 732 786 807 τῆς
848 727 1079 807 ἀρετῆς
1138 731 1254 792 τοῦ
1317 727 1556 807 ἀνδρὸς
1623 728 1935 807 ἐγενόμην
1988 743 2198 791 συνοι-

100 837 310 913 κήσας
358 836 460 899 καὶ
508 834 930 914 συμπλεύσας
977 836 1079 898 καὶ
1113 836 1657 914 συγκακουχηθεὶς
1706 834 1880 919 αὐτῷ
1928 834 2054 913 ἕως
2087 838 2202 912 τῆς

101 943 475 1021 τελευταίας
521 942 760 1021 ἡμέρας
809 946 924 1020 τῆς
984 941 1213 1006 ἐνθάδε
1272 940 1473 1006 αὐτοῦ
1522 946 1709 1019 ζωῆς,
1776 962 1900 1006 nee
1946 962 2201 1020 vereor,

102 1066 184 1112 ne
246 1055 394 1127 quis
452 1070 697 1124 eorum,
769 1069 940 1128 quae
1000 1053 1254 1113 Usener
1328 1049 1493 1112 ‘Der
1551 1054 1701 1112 heil.
1760 1050 2206 1115 Theodosius'

105 1178 166 1235 p.
216 1160 349 1218 XX
374 1177 456 1219 ss,
507 1161 828 1235 exposuit,
901 1162 1241 1219 immemor
1297 1161 1617 1219 miracula
1675 1161 1759 1218 ab
1807 1177 1886 1220 eo
1940 1167 2205 1219 narrata

108 1267 269 1325 mihi
318 1270 621 1341 opponat.

290 1371 471 1446 Quae
520 1389 668 1431 eum
716 1374 808 1432 ita
855 1374 1006 1450 sint,
1066 1375 1135 1433 in
1185 1389 1264 1431 ea
1313 1388 1576 1448 quoque
1624 1374 2006 1447 quaestione
2054 1374 2204 1433 diri-

108 1478 370 1547 menda,
419 1494 588 1552 quae
636 1487 734 1538 est
781 1480 862 1539 de
911 1480 1018 1538 die
1065 1480 1418 1538 Theodosii
1452 1479 1515 1538 II
1560 1480 1784 1550 natali,
1833 1480 2053 1539 Marco
2099 1497 2208 1556 po-

110 1586 436 1656 tissimum
493 1593 657 1643 teste
721 1586 816 1643 uti
882 1602 1031 1644 eum
1079 1586 1497 1645 Tillemontio
1566 1602 1698 1644 non
1765 1585 2015 1663 dubito,
2085 1588 2209 1646 etsi

110 1692 437 1766 quomodo
494 1698 855 1750 ceterorum
925 1693 1316 1766 scriptorum
1381 1696 1564 1751 ortus
1629 1691 1713 1751 sit
1778 1708 1961 1751 error
2005 1692 2209 1752 Theo-

113 1799 368 1857 dosium
418 1798 734 1856 Minorem
782 1799 844 1856 d.
877 1798 962 1857 X.
994 1815 1084 1856 m.
1121 1799 1363 1873 Aprilis
1410 1817 1469 1857 a.
1518 1794 1645 1857 401
1699 1805 1924 1857 natum
1970 1800 2210 1858 facien-

112 1907 275 1964 tium
326 1905 656 1980 explieare
703 1921 953 1978 nequeo
1009 1905 1207 1980 idque
1268 1906 1673 1975 doctioribus
1720 1907 2208 1981 explanandum

113 2013 434 2085 relinquo,
528 2010 773 2086 Quodsi
820 2011 1173 2071 Tillemont
1231 2028 1519 2072 errorem
1580 2013 1735 2072 inde
1782 2012 2210 2088 repetendum

114 2135 256 2176 esse
306 2119 603 2194 coniecit,
652 2120 827 2193 quod
875 2120 1016 2177 dies
1063 2119 1413 2178 Theodosii
1462 2120 1730 2178 Minoris
1779 2121 2014 2179 natalis
2062 2136 2208 2179 eum

114 2241 190 2282 eo
240 2224 345 2282 die
394 2225 703 2283 confusus
750 2229 938 2293 esset,
986 2242 1113 2300 quo
1147 2226 1552 2284 Theodosius
1601 2226 1970 2300 baptizatus
2017 2233 2209 2304 esset,

116 2332 559 2389 coniecturam
624 2331 790 2389 hane
816 2391 831 2398 N
855 2348 1011 2391 sane
1078 2333 1439 2407 speciosam
1504 2333 1739 2391 falsam
1787 2348 1929 2390 esse
1977 2348 2062 2390 ex
2109 2334 2210 2410 iis,

118 2454 285 2510 quae
335 2453 533 2511 supra
580 2437 1023 2495 demonstrata
1069 2445 1240 2514 sunt,
1290 2433 1665 2509 efficitur1).

297 2542 416 2601 His
462 2544 837 2618 praemissis
885 2545 1014 2603 iam
1074 2552 1441 2619 temporum
1488 2545 1780 2603 tabulam
1829 2561 2230 2619 proponam„

313 2662 366 2724 1)
404 2664 698 2713 Tillemont
731 2665 1094 2714 coniecturam
1133 2679 1288 2714 suam
1327 2664 1595 2714 Theodori
1633 2665 1877 2715 Lectoris
1914 2664 2216 2715 confirmari

120 2755 338 2819 putavit
375 2753 554 2802 verbis
593 2752 650 2816 (l.
690 2753 762 2801 11.
801 2769 846 2802 ο.
886 2749 956 2802 64
995 2752 1151 2803 PGM
1188 2753 1471 2802 LXXXVI
1512 2749 1540 2802 1
1579 2769 1631 2815 p.
1665 2747 1853 2814 213b)
1894 2749 2215 2814 ἐβασίλευσε

120 2840 151 2891 ὁ
187 2838 319 2901 νέος
352 2837 654 2900 Θεοδόσιος
691 2838 723 2890 ὁ
761 2837 881 2900 υἱὸς
921 2837 1215 2903 Ἀρκαδίου
1257 2840 1386 2904 μηνὶ
1422 2837 1742 2905 Ἰανουαρίῳ
1791 2841 1880 2891 καὶ
1932 2838 2216 2903 συνεβασί-

119 2930 284 2980 λευσε
323 2930 406 2992 τῷ
446 2926 615 2992 πατρὶ
653 2926 751 2992 ἔτη
792 2926 934 2978 ἑπτὰ
972 2928 1063 2978 καὶ
1098 2929 1275 2990 μῆνας
1312 2930 1500 2992 τρεῖς.’
1553 2929 1818 2979 Arcadius
1866 2935 2052 2979 autem
2091 2929 2214 2978 Kal.

121 3019 281 3067 Maiis
319 3032 370 3066 a.
408 3012 516 3066 408
552 3022 798 3068 mortuus
836 3023 933 3067 est.
1010 3017 1066 3068 Si
1104 3018 1270 3082 igitur
1308 3017 1645 3068 Theodosius
1684 3032 1854 3067 annos
1905 3021 2110 3080 septem
2160 3021 2218 3066 et

122 3113 233 3158 tres
282 3121 495 3156 menses
541 3120 652 3155 una
700 3121 822 3155 eum
860 3111 1016 3168 patre
1055 3106 1322 3172 regnavit,
1380 3114 1502 3168 post
1548 3106 1670 3155 Kal.
1713 3105 2040 3155 Februarias
2088 3106 2218 3154 anni

120 3192 223 3245 401
275 3200 440 3244 natus
489 3209 607 3244 esse
657 3210 764 3243 non
810 3199 1003 3256 potest.
1081 3194 1187 3245 Sed
1223 3194 1327 3243 hoc
1365 3193 1481 3244 loeo
1518 3209 1626 3244 non
1664 3194 1732 3245 de
1771 3194 1859 3245 die
1896 3193 2070 3243 natali
2107 3194 2218 3259 agi-

121 3292 211 3334 tur
238 3282 545 3345 Theodosii,
584 3281 681 3333 sed
720 3298 826 3347 quo
853 3281 940 3333 die
967 3282 1251 3348 Augustus
1289 3282 1602 3332 declaratus
1641 3283 1726 3345 sit,
1766 3281 1927 3346 quod,
1967 3287 2030 3331 ut
2055 3296 2220 3345 supra

121 3372 376 3433 vidimus,
417 3385 602 3420 mense
628 3370 882 3420 Ianuario
915 3384 964 3419 a.
990 3366 1097 3419 402
1128 3371 1337 3421 factum
1376 3377 1475 3421 est.
1550 3371 1748 3435 Itaque
1787 3369 2119 3432 Theodorus,
2158 3378 2221 3421 ut

121 3459 345 3522 saepius
387 3465 549 3520 errat,
608 3474 729 3508 cum
777 3473 1028 3510 numeros
1079 3464 1358 3521 computat
1405 3474 1685 3522 annorum,
1741 3460 1820 3508 ita
1862 3458 1965 3508 hoe
2002 3474 2220 3525 quoque

121 3549 244 3598 loeo
299 3546 440 3596 falso
488 3561 583 3612 pro
630 3561 726 3596 sex
772 3547 928 3596 annis
973 3551 1183 3612 septem
1231 3549 1429 3613 posuit.
1504 3548 1681 3608 Quam
1730 3548 1797 3597 ob
1843 3562 1958 3597 rem
2011 3547 2080 3596 ab
2119 3548 2222 3599 hae

123 3636 448 3704 quaestione
489 3634 789 3684 dirimenda
826 3636 1039 3684 omniuo
1075 3635 1263 3697 procul
1302 3635 1585 3685 habendus
1624 3641 1721 3688 est.
