2581 4081
1110 230 1179 298 13

89 434 238 487 cem
285 419 463 485 edita
514 418 598 484 sit
626 422 697 502 1),
759 426 1075 501 sequitur,
1124 429 1198 484 ut
1248 423 1658 485 Theodosius
1707 422 2021 483 autumno
2060 440 2191 502 non

91 535 250 593 anni
294 528 449 610 400,
500 534 616 592 sed
664 533 819 591 anni
865 525 992 590 401
1056 535 1250 590 natus
1300 533 1383 591 sit
1432 533 1791 605 eodemque
1848 531 1972 589 hoc
2020 546 2191 589 anno

88 635 247 718 401,
295 656 428 700 non
473 635 605 698 400
655 640 947 715 episcopi
995 640 1120 698 iter
1167 639 1468 698 fecerint.

274 746 618 806 Praeterea
668 747 749 805 iis
798 741 1079 820 quoque,
1130 762 1298 820 quae
1331 746 1589 805 Marcus
1624 746 1705 803 de
1738 744 2192 821 episcoporum

92 853 430 928 ipsiusque
478 853 695 912 reditu
742 853 975 923 tradit,
1024 859 1355 927 vetamur,
1404 869 1486 910 ne
1530 852 1742 910 hieme
1790 868 1850 909 a.
1897 843 2190 928 4oos401

95 977 206 1020 eos
273 959 830 1034 Constantinopoli
895 966 1191 1017 versatos
1257 975 1399 1017 esse
1460 958 1926 1016 existimemus.
2021 957 2197 1016 Dicit

98 1068 270 1126 enim
321 1061 427 1137 45,
456 1063 486 1124 1
541 1060 931 1138 ποιήσαντες
979 1059 1095 1138 τὰς
1144 1058 1331 1137 ἁγίας
1378 1059 1620 1138 ἡμέρας
1667 1061 1782 1137 τῆς
1830 1059 2195 1138 πασχαλίας

96 1168 199 1231 καὶ
229 1167 347 1246 τὴν
380 1165 825 1245 ἀναστάσιμον
858 1164 1350 1246 εὖτρεπιζόμεθα
1382 1165 1743 1229 ἐκπλεῦσαι.
1813 1171 1999 1243 Dein,
2049 1188 2195 1230 cum

99 1280 439 1357 episcopos
484 1280 824 1339 Eudoxiae
894 1285 960 1338 et
1005 1253 1289 1338 Arcadio
1357 1279 1758 1337 valedixisse
1805 1279 2196 1348 narraverit,

97 1386 316 1462 pergit
362 1379 470 1456 46,
497 1380 573 1443 21
642 1379 1034 1459 ἐποιήσαμεν
1095 1379 1164 1442 δὲ
1224 1378 1295 1442 ἐν
1341 1383 1416 1462 τῇ
1473 1377 1658 1463 πόλει
1706 1376 1909 1456 ἄλλας
1957 1377 2197 1456 ἡμέρας

98 1491 290 1566 τρεῖς,
338 1486 463 1565 ἕως
497 1484 575 1550 οὗ
618 1485 930 1566 ἐλάβομεν
965 1487 1083 1565 τὴν
1126 1488 1490 1564 ληγατιῶνα
1535 1488 1667 1548 τῶν
1713 1483 2200 1563 τεσσαράκοντα

103 1596 337 1672 λιτρῶν
386 1594 487 1656 καὶ
557 1593 713 1671 μετὰ
770 1596 942 1671 τρεῖς
1003 1592 1243 1671 ἡμέρας
1311 1591 1734 1672 ἐμβαλόμενοι
1798 1589 2200 1670 ἐπλεύσαμεν

100 1705 176 1784 τῇ
235 1698 395 1764 κατὰ
463 1700 765 1777 Γαζαίους
834 1699 1155 1763 Ξανθικοῦ
1215 1699 1390 1782 τρίτῃ
1450 1698 1552 1761 καὶ
1610 1696 1840 1780 εἰκάδι,
1911 1697 2071 1761 κατὰ
2130 1699 2200 1762 δὲ

98 1806 455 1885 Ῥωμαίους
502 1805 868 1885 Ἀπριλλίου
937 1804 1461 1888 ὀκτωκαιδεκάτῃ.
1559 1810 1740 1868 Haec
1804 1815 1877 1868 ut
1934 1811 2200 1887 egregie

103 1919 351 1977 cadunt
398 1919 466 1976 in
514 1936 568 1976 a.
616 1912 771 1995 402,
838 1933 965 1992 quo
1032 1933 1201 1975 anno
1267 1917 1513 1992 pascha
1569 1916 1901 1975 celebrata
1949 1922 2046 1975 est
2092 1917 2202 1976 die

104 2024 196 2085 VI
242 2042 328 2084 m.
378 2024 652 2103 ApriliS,
713 2025 809 2084 ita
867 2042 995 2083 non
1055 2025 1384 2099 quadrant
1443 2023 1509 2082 in
1560 2040 1803 2082 annum
1849 2017 2000 2095 401,
2073 2040 2201 2100 quo

108 2133 249 2193 dies
304 2132 461 2192 XIV
507 2150 593 2196 m.
661 2132 907 2207 Aprilis
975 2131 1115 2190 dies
1180 2130 1678 2191 resurrectionis
1744 2131 1990 2189 domini
2055 2131 2200 2190 fuit.

105 2238 269 2299 Nam
319 2240 474 2298 licet
506 2254 822 2314 ponamus
866 2268 951 2279 —
995 2238 1170 2312 quod
1201 2238 1345 2296 veri
1382 2237 1579 2295 valde
1621 2243 1718 2294 est
1766 2237 2081 2297 dissimile
2113 2268 2202 2278 —

108 2348 447 2423 episcopos
494 2345 739 2421 pascha
784 2350 1052 2420 peracta
1099 2344 1321 2404 statim
1369 2345 1476 2402 die
1518 2343 1642 2402 XV
1689 2360 1775 2402 m.
1824 2343 2068 2419 Aprilis
2117 2345 2203 2403 ad

104 2456 534 2530 imperatores
583 2460 778 2527 atque
827 2452 1057 2510 eodem
1104 2452 1212 2509 die
1245 2456 1311 2510 et
1344 2450 1708 2527 Augustam
1741 2456 1807 2509 et
1835 2451 2202 2528 Augustum

106 2562 460 2621 salutatum
485 2561 765 2629 venisse,
794 2566 1041 2642 tamen,
1061 2558 1217 2632 quia
1249 2558 1640 2617 salutatione
1673 2558 1852 2616 facta
1882 2566 2014 2618 tres
2040 2559 2201 2617 alios

106 2669 251 2727 dies
300 2661 571 2743 (46,21)
620 2668 662 2725 i.
683 2684 752 2755 ε.
803 2667 866 2724 d.
914 2666 1090 2736 XVI,
1123 2664 1336 2742 XVII,
1367 2664 1590 2724 XVIII
1637 2665 1701 2723 in
1750 2666 1913 2724 urbe
1959 2667 2205 2725 versati

109 2792 254 2835 esse
298 2775 626 2845 dicuntur,
689 2779 840 2833 ante
901 2774 1073 2832 diem
1119 2773 1283 2832 XIX
1330 2790 1414 2831 m.
1466 2771 1712 2848 Aprilis
1760 2771 2206 2832 Constantino-

109 2883 243 2957 poli
290 2882 569 2957 profecti
616 2898 756 2941 esse
803 2881 982 2941 nullo
1028 2882 1222 2941 modo
1270 2883 1540 2956 possunt
1562 2875 1634 2955 2).

295 3102 347 3168 1)
387 3105 578 3156 chron.
617 3102 801 3169 pasch.
840 3104 867 3154 Ι
904 3120 955 3167 p.
977 3099 1253 3165 567‚1os.
1293 3103 1453 3155 Dind.
1495 3101 1767 3169 ἐγεννήθη
1796 3098 2058 3168 Ἀρκαδία
2096 3098 2207 3153 ἐπι-

110 3190 439 3260 φανεστάτη
481 3193 609 3257 μηνὶ
646 3192 905 3258 Ξανθικῷ
948 3191 1058 3256 πρὸ
1096 3190 1131 3257 Ῠ
1168 3195 1374 3243 νωνῶν
1409 3190 1723 3256 Ἀπριλίων.

294 3278 351 3346 2)
390 3282 588 3335 Nescio
627 3297 698 3333 an
736 3290 884 3335 recte
921 3282 1095 3333 Marci
1151 3285 1322 3334 verba
1371 3284 1710 3349 interpreter,
1769 3296 1892 3332 cum
1930 3280 2206 3345 episcopos

86 3375 288 3430 ‚tribus
325 3379 447 3438 post
483 3372 867 3424 salutationem
908 3372 1100 3424 diebus
1137 3371 1537 3438 proficiscentes
1575 3373 1733 3422 facio,
1807 3372 1949 3422 Nam
1987 3370 2206 3419 Marcus

112 3464 246 3516 dicit
281 3457 391 3526 (46,
411 3458 477 3512 21
502 3460 566 3527 s.)
606 3462 883 3526 episcopos
921 3467 1032 3512 tres
1071 3462 1187 3513 dies
1224 3462 1280 3511 in
1324 3462 1460 3513 urbe
1497 3462 1775 3523 mansisse,
1835 3460 2007 3511 donec
2043 3473 2205 3522 pecu-

111 3555 263 3605 niam
301 3555 643 3620 accepissent
679 3560 847 3620 atque
886 3554 1058 3603 tribus
1096 3552 1287 3602 diebus
1331 3557 1452 3614 post
1489 3553 1623 3603 urbe
1651 3550 1962 3603 decessisse.
2038 3548 2207 3599 Dubi-

118 3646 226 3696 tari
267 3646 435 3714 igitur
475 3650 673 3707 potest,
710 3649 890 3693 utrum
932 3642 1104 3692 altero
1142 3642 1258 3691 loco
1298 3641 1514 3692 eosdem
1553 3656 1620 3692 an
1663 3647 1773 3693 tres
1810 3639 1945 3690 alios
1984 3638 2097 3689 dies
2136 3638 2209 3692 di·
