2581 4081
1144 231 1214 286 43

132 439 272 482 sam
321 422 389 483 in
437 438 509 482 re
552 422 813 498 magica
858 422 927 481 in
961 437 1085 481 usu
1118 428 1260 481 erat
1308 436 1468 479 vera
1500 420 1769 479 deorum
1817 415 2084 475 nomina
2129 412 2224 472 in-

131 531 486 606 vestigare.
581 529 688 589 Sic
735 532 802 588 in
852 531 1124 605 papyris
1171 529 1452 605 magieis
1493 525 1789 587 invocari
1825 523 1988 581 solet
2019 514 2226 594 ὄνομα

131 630 443 710 ἀληθινόν
490 637 596 694 vel
641 629 860 710 κύριον
907 637 1014 694 vel
1061 628 1435 694 αὺθεντικόν
1454 629 1524 708 ¹).
1604 631 1848 692 Verum
1896 629 2068 688 enim
2118 626 2224 685 dei

132 760 381 802 nomen·
420 744 530 817 qui
579 744 954 818 prolocutus
1002 747 1193 811 esset,
1253 757 1402 800 eum
1458 738 1761 798 exaudiri
1818 738 1902 797 ab
1956 736 2070 795 illo
2117 750 2227 792 ne-

133 864 318 909 cesse
385 866 547 920 esse,
619 849 814 908 deum
883 850 1146 909 nomine
1218 863 1349 907 suo„
1394 847 1542 923 cogi
1602 846 2058 918 hominemque
2119 820 2227 900 no*-

132 972 283 1015 men
333 972 563 1016 verum
612 958 922 1033 adeptum
967 958 1176 1033 ipsius
1224 957 1513 1016 numinis
1548 954 1791 1013 habere
1840 955 2226 1028 potestatem

133 1065 457 1138 putabant
479 1059 552 1138 2).
653 1066 796 1125 Non
844 1065 1050 1142 igitur
1091 1064 1503 1139 mirabimur,
1549 1067 1623 1122 ut
1669 1060 2077 1120 Brinkmann
2124 1072 2228 1114 me

133 1172 423 1242 monuit,
507 1172 665 1229 talia
756 1172 1088 1246 legenteS‚
1193 1171 1376 1229 velut
1455 1169 1667 1243 Apoll.
1747 1167 1959 1242 Tyan.
2038 1165 2227 1238 epist.

133 1277 345 1336 LXVI
415 1277 707 1336 Hereher
782 1270 975 1349 ἦλθεν
1053 1270 1123 1334 ἐκ
1186 1275 1302 1350 τῆς
1372 1268 1711 1349 Ἑλλάδος,
1806 1265 2048 1344 Ἕλλην
2113 1267 2230 1342 τῂν

134 1377 359 1457 φύσιν,
423 1377 542 1443 οὐκ
610 1376 946 1455 Ἀθηναῖος
1011 1377 1163 1442 οὐδὲ
1235 1375 1594 1457 Μεγαρεύς,
1667 1378 1924 1453 γελοῖον
2000 1371 2227 1451 ὄνομα.

32 1480 35 1487 “
133 1490 366 1551 Journ.
417 1491 490 1548 of
552 1490 701 1548 hell.
765 1489 935 1547 stud.
993 1488 1084 1547 IV
1132 1506 1194 1563 p.
1242 1483 1374 1547 419
1437 1507 1500 1550 n.
1550 1482 1637 1546 33
1697 1482 1766 1546 κὲ
1822 1480 1950 1558 ἐγὼ
2020 1478 2122 1558 ἶμε
2190 1476 2228 1541 ὁ

135 1594 356 1656 λαλῶν
413 1592 625 1655 πάντα
687 1590 1036 1669 Ἀθάνατος
1097 1589 1561 1668 Ἐπιτύγχανος
1633 1589 1859 1670 μυηθὶς
1929 1587 2060 1651 ὑπὸ
2126 1605 2230 1650 κα-

139 1701 254 1777 λῆς
305 1697 628 1777 ἀρχιερίας
688 1701 1029 1777 δημοτικῆς
1089 1698 1292 1762 καλὸν
1347 1696 1575 1776 ὄνομα.
1666 1702 1911 1776 Hymn.
1960 1700 2231 1758 Naasse·

134 1826 370 1870 norum
418 1810 593 1886 apud
640 1811 977 1886 Hippolyt.
1027 1810 1390 1886 philosoph.
1440 1809 1498 1867 V
1530 1803 1571 1867 6
1627 1825 1690 1884 p.
1744 1802 1869 1866 132
1917 1806 2108 1867 Schn.
2152 1805 2229 1863 D.

135 1909 266 1977 ἀπὸ
330 1915 453 1976 σοῦ
524 1912 733 1991 πατὴρ
792 1912 896 1975 καὶ
965 1911 1071 1975 διὰ
1126 1914 1249 1976 σοῦ
1323 1906 1545 1991 μήτηρ,
1616 1909 1695 1974 τὰ
1764 1908 1882 1972 δύο
1942 1904 2231 1971 ἀθάνατα

137 2018 444 2099 ὀνόματα.

317 2133 529 2207 Atque
587 2132 782 2190 facile
841 2132 974 2190 iam
1020 2132 1428 2208 intellegitur
1492 2146 1622 2189 non
1673 2130 1881 2188 solum
1940 2128 2074 2185 diei
2123 2141 2230 2199 po·

136 2242 340 2299 tuisse
387 2233 599 2297 πολλὰ
647 2232 915 2310 σώματα
962 2231 1274 2312 διεφθάρη
1328 2235 1540 2312 (Dion.
1589 2237 1739 2295 Hal.
1783 2236 1936 2293 Ant.
1985 2233 2075 2292 IV
2122 2225 2229 2301 69,

137 2347 220 2408 ef.
271 2338 542 2404 Lobeek
591 2347 677 2404 ad
723 2345 967 2422 Phryn.
1016 2361 1080 2420 P.
1126 2339 1255 2403 378
1280 2340 1379 2419 8.),
1446 2345 1562 2403 sed
1610 2345 1808 2402 etiam
1853 2348 1926 2401 ut
1971 2342 2231 2400 Marcus

136 2453 177 2510 1.
212 2469 270 2511 e.
321 2446 814 2526 προσετέθησαν
844 2452 918 2531 τῇ
968 2449 1082 2510 τοῦ
1134 2446 1414 2526 Χριστοῦ
1462 2444 1697 2529 ποίμνῃ
1733 2444 2019 2524 ὀνόματα
2066 2459 2232 2519 τρια-

137 2551 346 2617 κόσια.
426 2558 678 2618 Similia
718 2561 1027 2637 leguntur
1073 2560 1250 2634 apud
1293 2558 1583 2617 Marcum
1630 2574 1691 2633 p.
1732 2551 1835 2633 74,
1871 2551 1932 2613 2.
1984 2549 2088 2624 76,
2127 2548 2230 2610 12.

136 2663 486 2726 Praeterea
533 2666 616 2724 ef.
662 2665 808 2724 Aet.
853 2664 1217 2740 Christoph.
1267 2665 1371 2723 ed.
1409 2664 1522 2724 Us.
1569 2681 1631 2741 p.
1668 2658 1771 2734 73,
1806 2657 1850 2721 4
1896 2655 2232 2720 ἐκέλευσεν

137 2769 513 2844 κυλισθῆναι
570 2766 749 2830 λίθον
796 2765 1185 2846 παμμεγέθη,
1246 2765 1327 2830 ὃν
1380 2764 1656 2843 ἤνεγκαν
1714 2764 2001 2843 ὀνόματα
2063 2760 2231 2840 τριά-

138 2892 354 2937 κοντα.
435 2878 806 2954 Agathang.
855 2895 917 2953 p.
951 2872 1059 2948 43,
1100 2872 1135 2936 7
1181 2877 1338 2954 Lag.
1385 2869 1619 2950 ἄνδρες
1667 2891 1735 2935 τε
1780 2871 1883 2933 καὶ
1932 2871 2230 2945 γυναῖκες

105 2979 400 3065 ,πλείους
451 2977 896 3058 ’ἑβδομήκοντα
955 2977 1316 3060 ὀνομάτων,
1386 3002 1450 3059 p.
1499 2978 1606 3053 43,
1657 2977 1697 3041 9
1767 2975 2030 3040 ἀνεῖλον
2088 2973 2230 3038 ὀνό-

140 3105 305 3163 ματα
359 3084 699 3164 τριάκοντα
761 3084 898 3148 δύο.
1017 3091 1276 3149 Titulus
1347 3089 1523 3165 apud
1590 3090 1677 3148 Le
1735 3088 1861 3147 Bas
1927 3090 1992 3146 et
2036 3086 2232 3145 Wad-

141 3197 417 3273 dington
462 3197 502 3254 1.
555 3213 610 3255 e.
660 3215 723 3255 n.
768 3191 943 3255 2399
992 3189 1061 3255 ἑκ
1106 3191 1473 3271 φιλοτιμίας
1521 3195 1652 3255 τῶν
1701 3187 2234 3267 ὑποτεταγμένων

323 3458 375 3522 l)
428 3462 703 3526 Wessely:
758 3460 946 3514 ‘Neue
1000 3464 1200 3529 grieeh.
1259 3460 1716 3529 Zauberpapyri'.
1809 3459 2231 3511 Denksehriften

141 3550 235 3602 der
269 3551 492 3601 Wiener
530 3550 697 3600 Aead.
737 3550 1068 3613 philolehist.
1108 3551 1186 3602 Cl.
1229 3553 1499 3601 XXXXII
1539 3547 1677 3602 1893
1721 3551 1829 3601 ind.
1872 3550 2022 3602 verb.
2061 3564 2103 3599 s.
2142 3565 2229 3600 νν.

320 3634 375 3700 2)
417 3638 679 3705 Origenes
716 3654 761 3689 ο.
802 3637 1020 3688 Celsum
1057 3640 1084 3688 I
1122 3633 1207 3689 24.
1246 3639 1295 3689 V
1332 3635 1403 3690 45
