2581 4081
1380 228 1446 283 10

369 408 485 470 τοῦ
519 407 600 486 [xx
634 405 819 487 ἔτους
854 409 971 474 ἰνδ.
1007 392 1050 474 δ
1077 417 1118 474 i.
1147 434 1201 476 e.
1238 410 1344 477 die
1378 417 1467 477 IV
1493 418 1870 476 intercalari
1902 417 2058 476 anni
2091 411 2212 476 601
2254 416 2463 475 indic·

370 520 546 579 tione
595 521 704 579 IV.
784 525 1011 583 Annus
1058 528 1231 584 enim
1276 524 1676 586 Gazaeorum
1724 522 1847 585 601
1900 526 2255 599 respondet
2304 530 2463 583 tem·

369 628 511 701 pori
546 631 721 702 quod
757 638 897 689 erat
930 633 1089 691 inde
1118 650 1157 690 a
1189 634 1296 693 die
1321 633 1607 693 XXVIII
1640 650 1723 692 m.
1751 631 2052 694 Octobris
2084 625 2215 690 540
2248 647 2461 704 usque

371 733 455 792 ad
505 735 566 792 d.
614 738 866 797 XXVII
903 756 987 798 m.
1027 740 1329 801 Octobris
1375 736 1497 802 541
1553 761 1615 818 p.
1654 741 1766 802 Ch.
1800 760 1864 800 n.
1960 741 2170 813 Atque
2220 741 2460 811 quarta

370 839 532 898 haec
591 843 862 907 indictio
925 850 1486 923 complectebatur
1541 857 1797 924 tempus
1855 849 2010 907 inde
2069 865 2109 905 a
2166 847 2229 904 d.
2279 846 2312 904 I
2370 861 2458 904 m.

370 944 546 1022 Sept.
584 966 622 1006 a
654 944 785 1009 540
831 970 1036 1027 usque
1085 957 1169 1013 ad
1219 957 1280 1013 d.
1316 956 1541 1016 XXXI
1589 972 1674 1014 m.
1715 957 1875 1031 Aug.
1927 972 1985 1013 a.
2034 947 2185 1011 541.
2247 951 2455 1027 Quam

371 1054 453 1110 ob
502 1071 639 1114 rem
689 1059 829 1118 dies
876 1068 1147 1135 quartus
1202 1063 1612 1121 intercalaris
1671 1062 1826 1120 anni
1874 1060 2276 1121 Gazaeorum
2326 1055 2453 1119 601

370 1175 449 1217 ea
495 1166 748 1224 tantum
798 1168 1179 1228 condicione
1228 1171 1296 1228 in
1344 1170 1769 1229 indictionem
1816 1174 2114 1243 quartam
2162 1168 2460 1227 incidere

370 1270 603 1343 potuit,
650 1274 704 1332 si
752 1269 1139 1350 ἐπαγόμεναι
1187 1284 1325 1337 tum
1372 1279 1933 1338 intercalabantur
1980 1284 2129 1336 ante
2179 1275 2243 1333 d.
2291 1275 2324 1333 I
2371 1292 2457 1333 m.

371 1384 545 1457 Sept.
606 1385 647 1442 i.
697 1403 753 1444 e.
804 1391 954 1444 ante
1018 1402 1309 1444 mensem
1368 1383 1768 1445 Gazaeorum
1833 1387 2254 1445 undecimum
2315 1389 2460 1446 sive

369 1490 782 1568 Gorpiaeum.
876 1492 1284 1553 Conveniunt
1340 1493 1542 1568 igitur
1611 1493 1837 1550 titulus
1895 1498 1960 1550 et
2014 1492 2460 1571 hemerologia

370 1607 565 1673 atque
625 1600 902 1659 efficitur
963 1607 1149 1658 sexto
1209 1606 1389 1658 certe
1449 1600 1710 1658 saeculo
1767 1594 2170 1672 ἐπαγομένας
2238 1617 2277 1658 a
2336 1599 2460 1660 Ga-

369 1708 542 1766 zaeis
606 1724 736 1768 non
792 1713 937 1782 post
991 1708 1294 1767 ultimum
1342 1708 1495 1765 anni
1543 1723 1853 1776 mensem,
1904 1707 2021 1765 sed.
2067 1707 2239 1765 inter
2287 1707 2459 1767 deci-

368 1830 546 1872 mum
605 1821 669 1872 et
726 1815 1144 1874 undecimum
1201 1813 1243 1872 i.
1302 1831 1357 1872 e.
1429 1815 1601 1872 inter
1658 1812 1859 1872 Loum
1929 1820 1993 1872 et
2058 1810 2459 1888 Gorpiaeum

369 1920 745 1980 intercalari
793 1922 1016 1979 solitas
1064 1937 1225 1979 esse.
1640 1930 1644 1934 ’

547 2027 773 2102 Neque
821 2028 1011 2087 aliter
1056 2045 1194 2087 rem
1255 2044 1324 2086 se
1391 2028 1631 2087 habere
1698 2028 1985 2101 potuisse
2043 2027 2245 2088 Marci
2301 2035 2461 2089 tem-

370 2135 638 2210 poribus
698 2137 739 2194 i.
791 2154 846 2195 e.
913 2137 1097 2194 initio
1169 2135 1414 2194 saeculi
1486 2135 1695 2208 quinti
1766 2151 1840 2192 eo
1912 2134 2208 2210 efficitur,
2282 2138 2460 2209 quod

369 2242 954 2318 hemerologiorum
1003 2244 1432 2315 archetypum
1489 2259 1622 2300 una
1671 2257 1819 2300 cum
1878 2242 2118 2299 tabulis
2168 2246 2457 2302 astrono-

369 2350 556 2410 micis
625 2351 1039 2408 manualibus
1105 2367 1145 2408 a
1209 2343 1339 2407 372
1387 2367 1450 2425 p.
1500 2348 1609 2408 Ch.
1661 2366 1723 2407 n.
1785 2365 1824 2405 a
1872 2348 2137 2407 Theone
2208 2349 2458 2409 editum

370 2472 511 2514 esse
568 2462 742 2515 certe
799 2463 1051 2515 constat
1074 2452 1143 2531 1).
1236 2457 1430 2514 Errat
1487 2456 1690 2531 igitur
1735 2455 2012 2524 Marone,
2087 2471 2236 2514 cum
2296 2456 2460 2515 dicit
2553 2519 2554 2522 ,

369 2579 432 2638 p.
466 2555 571 2632 30,
612 2557 690 2621 18
719 2579 768 2620 S.
817 2555 1219 2633 ἑπλεύσαμεν
1266 2555 1465 2639 ὀγδόῃ
1515 2558 1616 2619 καὶ
1663 2553 1860 2620 εἰκάδι
1911 2556 2249 2633 Γορπιαίου
2298 2557 2459 2620 κατὰ

371 2663 441 2726 δὲ
472 2663 828 2741 Ῥωμαίους
862 2663 1270 2746 Σεπτεμβρίῳ
1305 2662 1501 2726 εἰκάδι
1531 2663 1728 2745 τρίτῃ.
1812 2668 1979 2725 Nam
2007 2667 2146 2725 dies
2170 2667 2458 2727 XXVIII

348 2792 454 2833 ·111.
505 2773 810 2849 Gorpiaei
859 2775 1216 2834 secundum
1265 2776 1707 2851 hemerologia
1755 2775 1884 2833 diei
1932 2771 2120 2833 XXV
2159 2789 2243 2831 m.
2278 2774 2454 2849 Sept.

370 2881 739 2955 respondet.
847 2880 1181 2956 Quomodo
1248 2887 1464 2939 autem
1530 2881 1635 2938 hic
1702 2896 1883 2938 error
1949 2888 2126 2937 ortus
2192 2880 2294 2949 sit,
2367 2880 2458 2937 fa·

370 2986 493 3044 cile
544 2986 976 3046 demonstrari
1023 2991 1254 3062 potest.
1349 2988 1604 3045 Marcus
1663 2988 1835 3045 enim
1884 3003 1947 3061 p.
1997 2979 2104 3048 29.
2153 2980 2232 3043 21
2274 3002 2322 3043 s,
2376 2986 2457 3045 de

369 3096 775 3169 theophaniis
823 3110 1026 3169 agens
1074 3111 1113 3150 a
1146 3092 1547 3152 Gazaeorum
1595 3095 1833 3168 populo
1881 3091 2228 3151 celebratis
2276 3094 2457 3165 quin-

569 3202 822 3260 dierum
890 3201 1313 3259 intervallum
1383 3202 1554 3259 inter
1641 3201 1844 3257 fastos
1916 3197 2320 3258 Gazaeorum
2393 3202 2458 3258 et

368 3307 803 3370 Rommorum
864 3324 1005 3367 esse
1065 3308 1243 3366 dicit.
1341 3306 1528 3382 Quod
1592 3307 1659 3365 in
1728 3307 1898 3364 solos
1964 3320 2219 3364 menses
2281 3306 2457 3364 cadit

550 3628 601 3693 1)
641 3633 719 3684 cf.
761 3633 971 3684 Usener
1009 3630 1108 3680 Rh.
1148 3630 1288 3679 Mus„
1329 3629 1566 3679 XXVIII
1605 3645 1655 3691 p.
1694 3624 1800 3677 403
1822 3645 1864 3677 S.
