<?xml version="1.0" encoding="UTF-8"?>
<!DOCTYPE html PUBLIC "-//W3C//DTD XHTML 1.0 Transitional//EN"
    "http://www.w3.org/TR/xhtml1/DTD/xhtml1-transitional.dtd">
<html xmlns="http://www.w3.org/1999/xhtml" xml:lang="en" lang="en">
 <head>
  <title>
</title>
<meta http-equiv="Content-Type" content="text/html;charset=utf-8" />
  <meta name='ocr-system' content='tesseract 3.04.00' />
  <meta name='ocr-capabilities' content='ocr_page ocr_carea ocr_par ocr_line ocrx_word'/>
</head>
<body>
  <div class='ocr_page' id='page_1' title='image "./demarcidiaconiv00nuthgoog_0062.png"; bbox 0 0 2581 4081; ppageno 0'>
   <div class='ocr_carea' id='block_1_1' title="bbox 1258 256 1397 309">
    <p class='ocr_par' dir='ltr' id='par_1_1' title="bbox 1258 256 1397 309">
     <span class='ocr_line' id='line_1_1' title="bbox 1258 256 1397 309; baseline 0 0"><span class='ocrx_word' id='word_1_1' title='bbox 1258 256 1397 309; x_wconf 41' lang='lat'>¹60</span> 
     </span>
    </p>
   </div>
   <div class='ocr_carea' id='block_1_2' title="bbox 318 429 2450 3388">
    <p class='ocr_par' dir='ltr' id='par_1_2' title="bbox 318 429 2450 3388">
     <span class='ocr_line' id='line_1_2' title="bbox 319 429 2434 514; baseline 0.001 -21"><span class='ocrx_word' id='word_1_2' title='bbox 319 429 614 498; x_wconf 81' lang='grc' dir='ltr'>ἐδίδαξαν</span> <span class='ocrx_word' id='word_1_3' title='bbox 663 432 732 512; x_wconf 90' lang='lat' dir='ltr'>(i.</span> <span class='ocrx_word' id='word_1_4' title='bbox 759 438 1049 513; x_wconf 76' lang='lat' dir='ltr'>episcopi</span> <span class='ocrx_word' id='word_1_5' title='bbox 1074 433 1487 514; x_wconf 80' lang='lat' dir='ltr'>Augustam),</span> <span class='ocrx_word' id='word_1_6' title='bbox 1537 434 1675 509; x_wconf 83' lang='grc' dir='ltr'>πῶς</span> <span class='ocrx_word' id='word_1_7' title='bbox 1710 434 2010 496; x_wconf 76' lang='grc' dir='ltr'>ποιοῦσιν</span> <span class='ocrx_word' id='word_1_8' title='bbox 2047 435 2117 511; x_wconf 88' lang='lat' dir='ltr'>(i.</span> <span class='ocrx_word' id='word_1_9' title='bbox 2145 438 2434 514; x_wconf 84' lang='lat' dir='ltr'><strong>pagani,</strong></span> 
     </span>
     <span class='ocr_line' id='line_1_3' title="bbox 318 535 2436 620; baseline 0.001 -20"><span class='ocrx_word' id='word_1_10' title='bbox 318 535 590 617; x_wconf 83' lang='grc' dir='ltr'>ἀφόβως</span> <span class='ocrx_word' id='word_1_11' title='bbox 655 539 733 602; x_wconf 88' lang='grc' dir='ltr'>τὰ</span> <span class='ocrx_word' id='word_1_12' title='bbox 798 536 1055 620; x_wconf 84' lang='grc' dir='ltr'>ἀνόσια,</span> <span class='ocrx_word' id='word_1_13' title='bbox 1131 540 1212 618; x_wconf 89' lang='grc' dir='ltr'>μὴ</span> <span class='ocrx_word' id='word_1_14' title='bbox 1279 542 1771 618; x_wconf 85' lang='grc' dir='ltr'>συγχωροῦντες</span> <span class='ocrx_word' id='word_1_15' title='bbox 1845 585 1858 599; x_wconf 94' lang='grc'><strong>.</strong></span> <span class='ocrx_word' id='word_1_16' title='bbox 1909 587 1924 601; x_wconf 94' lang='grc'><strong>.</strong></span> <span class='ocrx_word' id='word_1_17' title='bbox 1978 587 1992 602; x_wconf 94' lang='grc'><strong>.</strong></span> <span class='ocrx_word' id='word_1_18' title='bbox 2064 538 2145 601; x_wconf 90' lang='grc' dir='ltr'>τὰ</span> <span class='ocrx_word' id='word_1_19' title='bbox 2212 539 2436 617; x_wconf 85' lang='grc' dir='ltr'>χωρία</span> 
     </span>
     <span class='ocr_line' id='line_1_4' title="bbox 319 642 2438 727; baseline 0.001 -20"><span class='ocrx_word' id='word_1_20' title='bbox 319 642 535 714; x_wconf 84' lang='grc' dir='ltr'>αὐτῶν</span> <span class='ocrx_word' id='word_1_21' title='bbox 601 645 668 723; x_wconf 92' lang='lat' dir='ltr'>(i.</span> <span class='ocrx_word' id='word_1_22' title='bbox 718 646 1257 724; x_wconf 81' lang='lat' dir='ltr'>Christianorum)</span> <span class='ocrx_word' id='word_1_23' title='bbox 1305 650 1764 727; x_wconf 88' lang='grc' dir='ltr'>γεωργηθῆναι,</span> <span class='ocrx_word' id='word_1_24' title='bbox 1832 645 1895 711; x_wconf 85' lang='grc' dir='ltr'>ἐξ</span> <span class='ocrx_word' id='word_1_25' title='bbox 1958 643 2051 708; x_wconf 85' lang='grc' dir='ltr'>ὧν</span> <span class='ocrx_word' id='word_1_26' title='bbox 2111 647 2438 709; x_wconf 86' lang='grc' dir='ltr'>τελοῦσιν</span> 
     </span>
     <span class='ocr_line' id='line_1_5' title="bbox 319 750 2434 837; baseline -0 -22"><span class='ocrx_word' id='word_1_27' title='bbox 319 757 411 836; x_wconf 80' lang='grc' dir='ltr'>τῷ</span> <span class='ocrx_word' id='word_1_28' title='bbox 458 750 744 837; x_wconf 82' lang='grc' dir='ltr'>ὑμετέρῳ</span> <span class='ocrx_word' id='word_1_29' title='bbox 792 751 1031 830; x_wconf 66' lang='grc' dir='ltr'>κράτει,</span> <span class='ocrx_word' id='word_1_30' title='bbox 1069 756 1228 817; x_wconf 85' lang='lat' dir='ltr'>Cum</span> <span class='ocrx_word' id='word_1_31' title='bbox 1277 758 1378 816; x_wconf 84' lang='lat' dir='ltr'>his</span> <span class='ocrx_word' id='word_1_32' title='bbox 1426 758 1510 816; x_wconf 81' lang='lat' dir='ltr'>of.</span> <span class='ocrx_word' id='word_1_33' title='bbox 1555 758 1881 833; x_wconf 84' lang='lat' dir='ltr'><strong>Apophth.</strong></span> <span class='ocrx_word' id='word_1_34' title='bbox 1931 761 2099 832; x_wconf 78' lang='lat' dir='ltr'><strong>patr.</strong></span> <span class='ocrx_word' id='word_1_35' title='bbox 2148 774 2212 832; x_wconf 91' lang='lat' dir='ltr'>p.</span> <span class='ocrx_word' id='word_1_36' title='bbox 2254 750 2434 814; x_wconf 64' lang='grc' dir='ltr'>144Ὀ</span> 
     </span>
     <span class='ocr_line' id='line_1_6' title="bbox 321 856 2439 937; baseline -0.001 -15"><span class='ocrx_word' id='word_1_37' title='bbox 321 857 359 922; x_wconf 86' lang='grc' dir='ltr'>ὃ</span> <span class='ocrx_word' id='word_1_38' title='bbox 443 859 515 922; x_wconf 78' lang='grc' dir='ltr'>δὲ</span> <span class='ocrx_word' id='word_1_39' title='bbox 598 856 984 937; x_wconf 86' lang='grc' dir='ltr'>ἀπεκρίνατο</span> <span class='ocrx_word' id='word_1_40' title='bbox 1072 859 1153 936; x_wconf 85' lang='grc' dir='ltr'>μὴ</span> <span class='ocrx_word' id='word_1_41' title='bbox 1247 857 1563 922; x_wconf 92' lang='grc' dir='ltr'>δύνασθαι</span> <span class='ocrx_word' id='word_1_42' title='bbox 1656 858 1784 922; x_wconf 84' lang='grc' dir='ltr'>ὑπὸ</span> <span class='ocrx_word' id='word_1_43' title='bbox 1880 858 2116 936; x_wconf 87' lang='grc' dir='ltr'>στέγην</span> <span class='ocrx_word' id='word_1_44' title='bbox 2205 860 2439 936; x_wconf 85' lang='grc' dir='ltr'>μεῖναι</span> 
     </span>
     <span class='ocr_line' id='line_1_7' title="bbox 319 962 2434 1044; baseline -0.001 -16"><span class='ocrx_word' id='word_1_45' title='bbox 319 966 471 1044; x_wconf 91' lang='grc' dir='ltr'>πρὶν</span> <span class='ocrx_word' id='word_1_46' title='bbox 540 964 621 1029; x_wconf 87' lang='grc' dir='ltr'>ἂν</span> <span class='ocrx_word' id='word_1_47' title='bbox 679 962 850 1043; x_wconf 86' lang='grc' dir='ltr'>εὕρω</span> <span class='ocrx_word' id='word_1_48' title='bbox 906 969 1022 1043; x_wconf 87' lang='grc' dir='ltr'>τῆς</span> <span class='ocrx_word' id='word_1_49' title='bbox 1092 965 1245 1044; x_wconf 86' lang='grc' dir='ltr'>ἐμῆς</span> <span class='ocrx_word' id='word_1_50' title='bbox 1310 963 1511 1042; x_wconf 82' lang='grc' dir='ltr'>οἰκίας</span> <span class='ocrx_word' id='word_1_51' title='bbox 1580 965 1698 1042; x_wconf 87' lang='grc' dir='ltr'>τὴν</span> <span class='ocrx_word' id='word_1_52' title='bbox 1762 963 2051 1042; x_wconf 88' lang='grc' dir='ltr'>ὕπαρξιν.</span> <span class='ocrx_word' id='word_1_53' title='bbox 2137 969 2434 1043; x_wconf 76' lang='lat' dir='ltr'><strong>Niceph.</strong></span> 
     </span>
     <span class='ocr_line' id='line_1_8' title="bbox 321 1066 2438 1150; baseline -0 -16"><span class='ocrx_word' id='word_1_54' title='bbox 321 1093 386 1134; x_wconf 87' lang='lat' dir='ltr'>v.</span> <span class='ocrx_word' id='word_1_55' title='bbox 436 1076 740 1135; x_wconf 79' lang='lat' dir='ltr'><strong>Andreae</strong></span> <span class='ocrx_word' id='word_1_56' title='bbox 811 1076 944 1135; x_wconf 84' lang='lat' dir='ltr'>Sali</span> <span class='ocrx_word' id='word_1_57' title='bbox 1010 1076 1145 1136; x_wconf 92' lang='lat' dir='ltr'>AA.</span> <span class='ocrx_word' id='word_1_58' title='bbox 1195 1075 1303 1136; x_wconf 86' lang='lat' dir='ltr'>SS.</span> <span class='ocrx_word' id='word_1_59' title='bbox 1351 1076 1477 1134; x_wconf 87' lang='lat' dir='ltr'>Mai</span> <span class='ocrx_word' id='word_1_60' title='bbox 1526 1076 1618 1134; x_wconf 94' lang='lat' dir='ltr'>VI</span> <span class='ocrx_word' id='word_1_61' title='bbox 1683 1093 1745 1150; x_wconf 92' lang='lat' dir='ltr'>p.</span> <span class='ocrx_word' id='word_1_62' title='bbox 1796 1066 1951 1134; x_wconf 43' lang='lat'>86²&amp;</span> <span class='ocrx_word' id='word_1_63' title='bbox 2000 1069 2037 1134; x_wconf 89' lang='grc' dir='ltr'>ὁ</span> <span class='ocrx_word' id='word_1_64' title='bbox 2109 1071 2180 1134; x_wconf 82' lang='grc' dir='ltr'>δὲ</span> <span class='ocrx_word' id='word_1_65' title='bbox 2248 1068 2438 1133; x_wconf 86' lang='grc' dir='ltr'>Ἐπι-</span> 
     </span>
     <span class='ocr_line' id='line_1_9' title="bbox 322 1175 2437 1257; baseline 0 -18"><span class='ocrx_word' id='word_1_66' title='bbox 322 1175 559 1256; x_wconf 90' lang='grc' dir='ltr'>φάνιος</span> <span class='ocrx_word' id='word_1_67' title='bbox 631 1175 966 1255; x_wconf 85' lang='grc' dir='ltr'>θαυμάσας</span> <span class='ocrx_word' id='word_1_68' title='bbox 1036 1177 1154 1253; x_wconf 89' lang='grc' dir='ltr'>τὴν</span> <span class='ocrx_word' id='word_1_69' title='bbox 1231 1179 1348 1240; x_wconf 82' lang='grc' dir='ltr'>τοῦ</span> <span class='ocrx_word' id='word_1_70' title='bbox 1426 1175 1611 1252; x_wconf 84' lang='grc' dir='ltr'>ἁγίου</span> <span class='ocrx_word' id='word_1_71' title='bbox 1688 1177 2045 1257; x_wconf 88' lang='grc' dir='ltr'>ἐνέργειαν,</span> <span class='ocrx_word' id='word_1_72' title='bbox 2133 1176 2437 1240; x_wconf 81' lang='grc' dir='ltr'>ἱκέτευεν</span> 
     </span>
     <span class='ocr_line' id='line_1_10' title="bbox 323 1280 2435 1364; baseline 0 -19"><span class='ocrx_word' id='word_1_73' title='bbox 323 1280 504 1359; x_wconf 83' lang='grc' dir='ltr'>αὖθις</span> <span class='ocrx_word' id='word_1_74' title='bbox 583 1280 781 1345; x_wconf 88' lang='grc' dir='ltr'>αὐτὸν</span> <span class='ocrx_word' id='word_1_75' title='bbox 838 1284 954 1345; x_wconf 86' lang='grc' dir='ltr'>τοῦ</span> <span class='ocrx_word' id='word_1_76' title='bbox 1024 1281 1401 1359; x_wconf 87' lang='grc' dir='ltr'>ἐπιτυχῆσαι</span> <span class='ocrx_word' id='word_1_77' title='bbox 1475 1283 1593 1360; x_wconf 89' lang='grc' dir='ltr'>τὴν</span> <span class='ocrx_word' id='word_1_78' title='bbox 1658 1282 1902 1359; x_wconf 90' lang='grc' dir='ltr'>δέησιν.</span> <span class='ocrx_word' id='word_1_79' title='bbox 2020 1282 2206 1347; x_wconf 83' lang='grc' dir='ltr'>Θέλω</span> <span class='ocrx_word' id='word_1_80' title='bbox 2271 1282 2435 1364; x_wconf 87' lang='grc' dir='ltr'>γάρ,</span> 
     </span>
     <span class='ocr_line' id='line_1_11' title="bbox 324 1387 2438 1468; baseline 0.001 -17"><span class='ocrx_word' id='word_1_81' title='bbox 324 1387 806 1467; x_wconf 90' lang='grc' dir='ltr'>μεγαλομάρτυς</span> <span class='ocrx_word' id='word_1_82' title='bbox 895 1391 1010 1452; x_wconf 87' lang='grc' dir='ltr'>τοῦ</span> <span class='ocrx_word' id='word_1_83' title='bbox 1093 1388 1373 1466; x_wconf 86' lang='grc' dir='ltr'>Χριστοῦ</span> <span class='ocrx_word' id='word_1_84' title='bbox 1452 1390 1833 1468; x_wconf 87' lang='grc' dir='ltr'>ἠγαπημένε,</span> <span class='ocrx_word' id='word_1_85' title='bbox 1926 1388 2038 1453; x_wconf 87' lang='grc' dir='ltr'>ἵνα</span> <span class='ocrx_word' id='word_1_86' title='bbox 2129 1389 2205 1452; x_wconf 86' lang='grc' dir='ltr'>τὸ</span> <span class='ocrx_word' id='word_1_87' title='bbox 2286 1391 2438 1454; x_wconf 84' lang='grc' dir='ltr'>πᾶν</span> 
     </span>
     <span class='ocr_line' id='line_1_12' title="bbox 325 1494 2434 1579; baseline 0 -21"><span class='ocrx_word' id='word_1_88' title='bbox 325 1495 503 1573; x_wconf 87' lang='grc' dir='ltr'>μέχρι</span> <span class='ocrx_word' id='word_1_89' title='bbox 551 1495 972 1573; x_wconf 89' lang='grc' dir='ltr'>μεσονυκτίου</span> <span class='ocrx_word' id='word_1_90' title='bbox 1019 1494 1380 1578; x_wconf 86' lang='grc' dir='ltr'>κατεργάσῃ</span> <span class='ocrx_word' id='word_1_91' title='bbox 1429 1500 1519 1579; x_wconf 84' lang='grc' dir='ltr'>τῷ</span> <span class='ocrx_word' id='word_1_92' title='bbox 1568 1494 1781 1579; x_wconf 81' lang='grc' dir='ltr'>δούλῳ</span> <span class='ocrx_word' id='word_1_93' title='bbox 1830 1509 1973 1558; x_wconf 91' lang='grc' dir='ltr'>σου.</span> <span class='ocrx_word' id='word_1_94' title='bbox 2045 1500 2305 1559; x_wconf 70' lang='lat' dir='ltr'>Leontii</span> <span class='ocrx_word' id='word_1_95' title='bbox 2357 1518 2434 1559; x_wconf 82' lang='lat' dir='ltr'>V.</span> 
     </span>
     <span class='ocr_line' id='line_1_13' title="bbox 325 1598 2438 1682; baseline -0 -15"><span class='ocrx_word' id='word_1_96' title='bbox 325 1606 667 1682; x_wconf 83' lang='lat' dir='ltr'>Symeonis</span> <span class='ocrx_word' id='word_1_97' title='bbox 731 1605 906 1667; x_wconf 81' lang='lat' dir='ltr'>PGM</span> <span class='ocrx_word' id='word_1_98' title='bbox 973 1607 1383 1666; x_wconf 92' lang='lat' dir='ltr'>LXXXXIII</span> <span class='ocrx_word' id='word_1_99' title='bbox 1457 1625 1519 1681; x_wconf 91' lang='lat' dir='ltr'>p.</span> <span class='ocrx_word' id='word_1_100' title='bbox 1592 1598 1798 1665; x_wconf 69' lang='lat'>17:32⁶</span> <span class='ocrx_word' id='word_1_101' title='bbox 1881 1600 2229 1678; x_wconf 89' lang='grc' dir='ltr'>ἀπολυθεὶς</span> <span class='ocrx_word' id='word_1_102' title='bbox 2302 1600 2438 1666; x_wconf 84' lang='grc' dir='ltr'>οὖν</span> 
     </span>
     <span class='ocr_line' id='line_1_14' title="bbox 323 1706 2439 1789; baseline -0.001 -16"><span class='ocrx_word' id='word_1_103' title='bbox 323 1707 563 1785; x_wconf 86' lang='grc' dir='ltr'>εὐθέως</span> <span class='ocrx_word' id='word_1_104' title='bbox 611 1709 676 1788; x_wconf 90' lang='lat' dir='ltr'>(i.</span> <span class='ocrx_word' id='word_1_105' title='bbox 726 1709 1031 1789; x_wconf 80' lang='lat' dir='ltr'>Ioannes)</span> <span class='ocrx_word' id='word_1_106' title='bbox 1100 1707 1603 1787; x_wconf 83' lang='grc' dir='ltr'>ὠρθοδρόμησεν</span> <span class='ocrx_word' id='word_1_107' title='bbox 1652 1708 1741 1785; x_wconf 88' lang='grc' dir='ltr'>εἰς</span> <span class='ocrx_word' id='word_1_108' title='bbox 1789 1709 1906 1772; x_wconf 87' lang='grc' dir='ltr'>τὸν</span> <span class='ocrx_word' id='word_1_109' title='bbox 1953 1708 2179 1788; x_wconf 89' lang='grc' dir='ltr'>τόπον,</span> <span class='ocrx_word' id='word_1_110' title='bbox 2249 1706 2439 1772; x_wconf 87' lang='grc' dir='ltr'>ὅπου</span> 
     </span>
     <span class='ocr_line' id='line_1_15' title="bbox 323 1812 2441 1898; baseline 0 -19"><span class='ocrx_word' id='word_1_111' title='bbox 323 1815 460 1898; x_wconf 81' lang='grc' dir='ltr'>ᾔδει</span> <span class='ocrx_word' id='word_1_112' title='bbox 505 1812 781 1880; x_wconf 91' lang='grc' dir='ltr'>πάντοτε</span> <span class='ocrx_word' id='word_1_113' title='bbox 827 1815 1304 1895; x_wconf 87' lang='grc' dir='ltr'>προσεύχεσθαι</span> <span class='ocrx_word' id='word_1_114' title='bbox 1352 1816 1467 1880; x_wconf 90' lang='grc' dir='ltr'>τὸν</span> <span class='ocrx_word' id='word_1_115' title='bbox 1525 1814 1730 1894; x_wconf 86' lang='grc' dir='ltr'>ἀββᾶν</span> <span class='ocrx_word' id='word_1_116' title='bbox 1777 1817 2047 1895; x_wconf 85' lang='grc' dir='ltr'>Συμεὼν</span> <span class='ocrx_word' id='word_1_117' title='bbox 2111 1817 2215 1878; x_wconf 89' lang='grc' dir='ltr'>καὶ</span> <span class='ocrx_word' id='word_1_118' title='bbox 2265 1814 2441 1879; x_wconf 85' lang='grc' dir='ltr'>ἰδὼν</span> 
     </span>
     <span class='ocr_line' id='line_1_16' title="bbox 326 1918 2441 2000; baseline 0 -16"><span class='ocrx_word' id='word_1_119' title='bbox 326 1920 526 1985; x_wconf 84' lang='grc' dir='ltr'>αὐτὸν</span> <span class='ocrx_word' id='word_1_120' title='bbox 590 1918 720 1985; x_wconf 83' lang='grc' dir='ltr'>ἀπὸ</span> <span class='ocrx_word' id='word_1_121' title='bbox 768 1921 1042 1998; x_wconf 86' lang='grc' dir='ltr'>μήκοθεν</span> <span class='ocrx_word' id='word_1_122' title='bbox 1089 1922 1452 1985; x_wconf 90' lang='grc' dir='ltr'>ἐκτείνοντα</span> <span class='ocrx_word' id='word_1_123' title='bbox 1497 1922 1613 1999; x_wconf 88' lang='grc' dir='ltr'>τὰς</span> <span class='ocrx_word' id='word_1_124' title='bbox 1659 1925 1876 2000; x_wconf 86' lang='grc' dir='ltr'>χεῖρας</span> <span class='ocrx_word' id='word_1_125' title='bbox 1926 1921 2016 1998; x_wconf 88' lang='grc' dir='ltr'>εἰς</span> <span class='ocrx_word' id='word_1_126' title='bbox 2064 1923 2183 1986; x_wconf 91' lang='grc' dir='ltr'>τὸν</span> <span class='ocrx_word' id='word_1_127' title='bbox 2233 1921 2441 2000; x_wconf 82' lang='grc' dir='ltr'>οὐρα-</span> 
     </span>
     <span class='ocr_line' id='line_1_17' title="bbox 327 2025 2439 2111; baseline 0 -19"><span class='ocrx_word' id='word_1_128' title='bbox 327 2028 445 2093; x_wconf 88' lang='grc' dir='ltr'>νόν</span> <span class='ocrx_word' id='word_1_129' title='bbox 493 2026 804 2107; x_wconf 83' lang='grc' dir='ltr'>ἐφοβήθη.</span> <span class='ocrx_word' id='word_1_130' title='bbox 897 2025 1177 2108; x_wconf 87' lang='grc' dir='ltr'>Ὤμνυεν</span> <span class='ocrx_word' id='word_1_131' title='bbox 1222 2028 1368 2111; x_wconf 86' lang='grc' dir='ltr'>γάρ,</span> <span class='ocrx_word' id='word_1_132' title='bbox 1418 2027 1516 2093; x_wconf 89' lang='grc' dir='ltr'>ὅτι</span> <span class='ocrx_word' id='word_1_133' title='bbox 1564 2032 1851 2108; x_wconf 85' lang='grc' dir='ltr'>σφαῖρας</span> <span class='ocrx_word' id='word_1_134' title='bbox 1901 2030 2105 2108; x_wconf 87' lang='grc' dir='ltr'>πυρὸς</span> <span class='ocrx_word' id='word_1_135' title='bbox 2155 2026 2439 2107; x_wconf 90' lang='grc' dir='ltr'>ἀνερχο-</span> 
     </span>
     <span class='ocr_line' id='line_1_18' title="bbox 326 2133 2441 2220; baseline 0 -21"><span class='ocrx_word' id='word_1_136' title='bbox 326 2136 519 2215; x_wconf 92' lang='grc' dir='ltr'>μένας</span> <span class='ocrx_word' id='word_1_137' title='bbox 568 2134 633 2200; x_wconf 86' lang='grc' dir='ltr'>ἐξ</span> <span class='ocrx_word' id='word_1_138' title='bbox 666 2133 865 2198; x_wconf 81' lang='grc' dir='ltr'>αὐτοῦ</span> <span class='ocrx_word' id='word_1_139' title='bbox 914 2136 1003 2213; x_wconf 87' lang='grc' dir='ltr'>εἰς</span> <span class='ocrx_word' id='word_1_140' title='bbox 1052 2137 1166 2200; x_wconf 89' lang='grc' dir='ltr'>τὸν</span> <span class='ocrx_word' id='word_1_141' title='bbox 1214 2136 1497 2215; x_wconf 84' lang='grc' dir='ltr'>οὐρανὸν</span> <span class='ocrx_word' id='word_1_142' title='bbox 1529 2136 1786 2214; x_wconf 85' lang='grc' dir='ltr'>ἐθεώρει</span> <span class='ocrx_word' id='word_1_143' title='bbox 1818 2138 1919 2200; x_wconf 85' lang='grc' dir='ltr'>καὶ</span> <span class='ocrx_word' id='word_1_144' title='bbox 1958 2135 2169 2220; x_wconf 83' lang='grc' dir='ltr'>κύκλῳ</span> <span class='ocrx_word' id='word_1_145' title='bbox 2219 2135 2441 2199; x_wconf 82' lang='grc' dir='ltr'>αὐτοῦ</span> 
     </span>
     <span class='ocr_line' id='line_1_19' title="bbox 327 2240 2443 2321; baseline 0 -15"><span class='ocrx_word' id='word_1_146' title='bbox 327 2242 417 2319; x_wconf 79' lang='grc' dir='ltr'>ὡς</span> <span class='ocrx_word' id='word_1_147' title='bbox 450 2242 753 2321; x_wconf 86' lang='grc' dir='ltr'>κλίβανον</span> <span class='ocrx_word' id='word_1_148' title='bbox 798 2241 1137 2321; x_wconf 90' lang='grc' dir='ltr'>καιόμενον</span> <span class='ocrx_word' id='word_1_149' title='bbox 1184 2243 1285 2305; x_wconf 91' lang='grc' dir='ltr'>καὶ</span> <span class='ocrx_word' id='word_1_150' title='bbox 1335 2241 1534 2306; x_wconf 84' lang='grc' dir='ltr'>αὐτὸν</span> <span class='ocrx_word' id='word_1_151' title='bbox 1582 2241 1670 2319; x_wconf 89' lang='grc' dir='ltr'>εἰς</span> <span class='ocrx_word' id='word_1_152' title='bbox 1720 2244 1796 2306; x_wconf 88' lang='grc' dir='ltr'>τὸ</span> <span class='ocrx_word' id='word_1_153' title='bbox 1844 2243 2067 2319; x_wconf 87' lang='grc' dir='ltr'>μέσον,</span> <span class='ocrx_word' id='word_1_154' title='bbox 2117 2240 2296 2306; x_wconf 87' lang='grc' dir='ltr'>ὥστε</span> <span class='ocrx_word' id='word_1_155' title='bbox 2347 2244 2443 2321; x_wconf 85' lang='grc' dir='ltr'>μὴ</span> 
     </span>
     <span class='ocr_line' id='line_1_20' title="bbox 327 2347 2445 2433; baseline -0 -21"><span class='ocrx_word' id='word_1_156' title='bbox 327 2347 682 2426; x_wconf 88' lang='grc' dir='ltr'>πλησιάσαι</span> <span class='ocrx_word' id='word_1_157' title='bbox 716 2348 909 2433; x_wconf 85' lang='grc' dir='ltr'>αὐτῷ,</span> <span class='ocrx_word' id='word_1_158' title='bbox 961 2347 1083 2426; x_wconf 84' lang='grc' dir='ltr'>ἕως</span> <span class='ocrx_word' id='word_1_159' title='bbox 1132 2347 1210 2413; x_wconf 85' lang='grc' dir='ltr'>οὗ</span> <span class='ocrx_word' id='word_1_160' title='bbox 1244 2349 1361 2426; x_wconf 83' lang='grc' dir='ltr'>τὴν</span> <span class='ocrx_word' id='word_1_161' title='bbox 1408 2348 1603 2427; x_wconf 85' lang='grc' dir='ltr'>εὐχὴν</span> <span class='ocrx_word' id='word_1_162' title='bbox 1636 2349 2011 2413; x_wconf 90' lang='grc' dir='ltr'>ἐτελείωσεν</span> <span class='ocrx_word' id='word_1_163' title='bbox 2044 2349 2146 2412; x_wconf 88' lang='grc' dir='ltr'>καὶ</span> <span class='ocrx_word' id='word_1_164' title='bbox 2228 2350 2445 2426; x_wconf 86' lang='grc' dir='ltr'>Στρα-</span> 
     </span>
     <span class='ocr_line' id='line_1_21' title="bbox 328 2452 2444 2535; baseline -0 -17"><span class='ocrx_word' id='word_1_165' title='bbox 328 2455 474 2535; x_wconf 88' lang='grc' dir='ltr'>φεὶς</span> <span class='ocrx_word' id='word_1_166' title='bbox 522 2452 692 2518; x_wconf 87' lang='grc' dir='ltr'>εἶδέν</span> <span class='ocrx_word' id='word_1_167' title='bbox 741 2475 814 2534; x_wconf 91' lang='grc' dir='ltr'>με</span> <span class='ocrx_word' id='word_1_168' title='bbox 879 2456 981 2519; x_wconf 86' lang='grc' dir='ltr'>καὶ</span> <span class='ocrx_word' id='word_1_169' title='bbox 1029 2455 1183 2519; x_wconf 86' lang='grc' dir='ltr'>ἰδὼν</span> <span class='ocrx_word' id='word_1_170' title='bbox 1231 2455 1473 2533; x_wconf 86' lang='grc' dir='ltr'>εὐθέως</span> <span class='ocrx_word' id='word_1_171' title='bbox 1524 2455 1690 2531; x_wconf 89' lang='grc' dir='ltr'>λέγεί</span> <span class='ocrx_word' id='word_1_172' title='bbox 1738 2472 1873 2534; x_wconf 90' lang='grc' dir='ltr'>μοι·</span> <span class='ocrx_word' id='word_1_173' title='bbox 1947 2455 2020 2518; x_wconf 88' lang='grc' dir='ltr'>Τί</span> <span class='ocrx_word' id='word_1_174' title='bbox 2068 2455 2231 2535; x_wconf 83' lang='grc' dir='ltr'>ἐστι,</span> <span class='ocrx_word' id='word_1_175' title='bbox 2293 2454 2444 2518; x_wconf 83' lang='grc' dir='ltr'>διά-</span> 
     </span>
     <span class='ocr_line' id='line_1_22' title="bbox 328 2559 2444 2653; baseline -0.001 -26"><span class='ocrx_word' id='word_1_176' title='bbox 328 2582 477 2627; x_wconf 91' lang='grc' dir='ltr'>κονε</span> <span class='ocrx_word' id='word_1_177' title='bbox 525 2559 816 2641; x_wconf 74' lang='grc' dir='ltr'>Ἰωάννης</span> <span class='ocrx_word' id='word_1_178' title='bbox 867 2568 1321 2643; x_wconf 75' lang='lat' dir='ltr'><strong>Aphroditian.</strong></span> <span class='ocrx_word' id='word_1_179' title='bbox 1360 2568 1535 2643; x_wconf 88' lang='lat' dir='ltr'><strong>apud</strong></span> <span class='ocrx_word' id='word_1_180' title='bbox 1585 2567 1662 2625; x_wconf 90' lang='lat' dir='ltr'>A.</span> <span class='ocrx_word' id='word_1_181' title='bbox 1694 2567 1935 2653; x_wconf 45' lang='lat' dir='ltr'>Wirthst</span> <span class='ocrx_word' id='word_1_182' title='bbox 1999 2567 2138 2626; x_wconf 84' lang='lat' dir='ltr'>Aus</span> <span class='ocrx_word' id='word_1_183' title='bbox 2187 2567 2444 2625; x_wconf 79' lang='lat' dir='ltr'><strong>orient.</strong></span> 
     </span>
     <span class='ocr_line' id='line_1_23' title="bbox 331 2664 2446 2748; baseline -0.001 -14"><span class='ocrx_word' id='word_1_184' title='bbox 331 2674 565 2734; x_wconf 84' lang='lat' dir='ltr'><strong>Chron.</strong></span> <span class='ocrx_word' id='word_1_185' title='bbox 614 2690 678 2748; x_wconf 91' lang='lat' dir='ltr'>p.</span> <span class='ocrx_word' id='word_1_186' title='bbox 732 2667 879 2743; x_wconf 84' lang='lat'>147,</span> <span class='ocrx_word' id='word_1_187' title='bbox 927 2668 1011 2732; x_wconf 82' lang='lat'>27</span> <span class='ocrx_word' id='word_1_188' title='bbox 1107 2667 1145 2731; x_wconf 87' lang='grc' dir='ltr'>ὃ</span> <span class='ocrx_word' id='word_1_189' title='bbox 1215 2668 1288 2732; x_wconf 80' lang='grc' dir='ltr'>δὲ</span> <span class='ocrx_word' id='word_1_190' title='bbox 1363 2668 1530 2743; x_wconf 88' lang='grc' dir='ltr'>λέγει</span> <span class='ocrx_word' id='word_1_191' title='bbox 1602 2666 1834 2730; x_wconf 87' lang='grc' dir='ltr'>ἑαυτὸν</span> <span class='ocrx_word' id='word_1_192' title='bbox 1918 2668 2191 2745; x_wconf 89' lang='grc' dir='ltr'>δαίμονα</span> <span class='ocrx_word' id='word_1_193' title='bbox 2264 2664 2446 2732; x_wconf 86' lang='grc' dir='ltr'>εἶναι</span> 
     </span>
     <span class='ocr_line' id='line_1_24' title="bbox 330 2772 2448 2853; baseline 0 -15"><span class='ocrx_word' id='word_1_194' title='bbox 330 2774 860 2853; x_wconf 91' lang='grc' dir='ltr'>παραγενόμενον</span> <span class='ocrx_word' id='word_1_195' title='bbox 914 2772 1239 2852; x_wconf 87' lang='grc' dir='ltr'>ἀπατῆσαι</span> <span class='ocrx_word' id='word_1_196' title='bbox 1352 2773 1424 2837; x_wconf 88' lang='grc' dir='ltr'>Εἰ</span> <span class='ocrx_word' id='word_1_197' title='bbox 1470 2772 1810 2851; x_wconf 88' lang='grc' dir='ltr'>ἐδυνάμην.</span> <span class='ocrx_word' id='word_1_198' title='bbox 1900 2778 2202 2837; x_wconf 77' lang='lat' dir='ltr'>Moschus</span> <span class='ocrx_word' id='word_1_199' title='bbox 2253 2776 2448 2838; x_wconf 84' lang='lat' dir='ltr'>PGM</span> 
     </span>
     <span class='ocr_line' id='line_1_25' title="bbox 330 2877 2447 2961; baseline -0.001 -16"><span class='ocrx_word' id='word_1_200' title='bbox 330 2885 703 2946; x_wconf 91' lang='lat' dir='ltr'>LXXXVII</span> <span class='ocrx_word' id='word_1_201' title='bbox 748 2880 790 2944; x_wconf 87' lang='lat'><strong>3</strong></span> <span class='ocrx_word' id='word_1_202' title='bbox 839 2903 901 2961; x_wconf 90' lang='lat' dir='ltr'>p.</span> <span class='ocrx_word' id='word_1_203' title='bbox 928 2878 1138 2946; x_wconf 78' lang='lat' dir='ltr'>2856b</span> <span class='ocrx_word' id='word_1_204' title='bbox 1186 2881 1540 2958; x_wconf 90' lang='grc' dir='ltr'>διηγήσατο</span> <span class='ocrx_word' id='word_1_205' title='bbox 1585 2879 1734 2957; x_wconf 85' lang='grc' dir='ltr'>ἡμῖν</span> <span class='ocrx_word' id='word_1_206' title='bbox 1781 2877 1818 2942; x_wconf 89' lang='grc' dir='ltr'>ὁ</span> <span class='ocrx_word' id='word_1_207' title='bbox 1866 2877 2069 2957; x_wconf 87' lang='grc' dir='ltr'>ἀββᾶς</span> <span class='ocrx_word' id='word_1_208' title='bbox 2118 2877 2447 2958; x_wconf 84' lang='grc' dir='ltr'>Λεόντιος</span> 
     </span>
     <span class='ocr_line' id='line_1_26' title="bbox 332 2985 2450 3066; baseline 0 -15"><span class='ocrx_word' id='word_1_209' title='bbox 332 3038 343 3052; x_wconf 92' lang='grc'><strong>.</strong></span> <span class='ocrx_word' id='word_1_210' title='bbox 380 3035 395 3050; x_wconf 95' lang='grc'><strong>.</strong></span> <span class='ocrx_word' id='word_1_211' title='bbox 446 2988 655 3063; x_wconf 90' lang='grc' dir='ltr'>λέγων</span> <span class='ocrx_word' id='word_1_212' title='bbox 703 2985 801 3051; x_wconf 89' lang='grc' dir='ltr'>ὅτι</span> <span class='ocrx_word' id='word_1_213' title='bbox 848 2987 1003 3066; x_wconf 88' lang='grc' dir='ltr'>μετὰ</span> <span class='ocrx_word' id='word_1_214' title='bbox 1048 2987 1124 3052; x_wconf 88' lang='grc' dir='ltr'>τὸ</span> <span class='ocrx_word' id='word_1_215' title='bbox 1171 2990 1519 3065; x_wconf 87' lang='grc' dir='ltr'>διωχθῆναι</span> <span class='ocrx_word' id='word_1_216' title='bbox 1563 2985 1715 3062; x_wconf 84' lang='grc' dir='ltr'>τοὺς</span> <span class='ocrx_word' id='word_1_217' title='bbox 1765 2985 1954 3061; x_wconf 83' lang='grc' dir='ltr'>νέους</span> <span class='ocrx_word' id='word_1_218' title='bbox 2001 2985 2334 3064; x_wconf 88' lang='grc' dir='ltr'>λαυρήτας</span> <span class='ocrx_word' id='word_1_219' title='bbox 2369 2987 2450 3051; x_wconf 84' lang='grc' dir='ltr'>ἐκ</span> 
     </span>
     <span class='ocr_line' id='line_1_27' title="bbox 331 3089 2446 3172; baseline 0 -13"><span class='ocrx_word' id='word_1_220' title='bbox 331 3098 447 3172; x_wconf 85' lang='grc' dir='ltr'>τῆς</span> <span class='ocrx_word' id='word_1_221' title='bbox 481 3094 631 3171; x_wconf 87' lang='grc' dir='ltr'>νέας</span> <span class='ocrx_word' id='word_1_222' title='bbox 660 3092 901 3172; x_wconf 86' lang='grc' dir='ltr'>λαύρας</span> <span class='ocrx_word' id='word_1_223' title='bbox 935 3091 1235 3158; x_wconf 83' lang='grc' dir='ltr'>ἀπελθὼν</span> <span class='ocrx_word' id='word_1_224' title='bbox 1282 3090 1578 3156; x_wconf 86' lang='grc' dir='ltr'>ἐκάθισεν</span> <span class='ocrx_word' id='word_1_225' title='bbox 1615 3091 1705 3168; x_wconf 90' lang='grc' dir='ltr'>εἰς</span> <span class='ocrx_word' id='word_1_226' title='bbox 1753 3091 1871 3168; x_wconf 90' lang='grc' dir='ltr'>τὴν</span> <span class='ocrx_word' id='word_1_227' title='bbox 1918 3089 2120 3168; x_wconf 77' lang='grc' dir='ltr'>αὐτὴν</span> <span class='ocrx_word' id='word_1_228' title='bbox 2155 3092 2446 3171; x_wconf 89' lang='grc' dir='ltr'>λαύραν.</span> 
     </span>
     <span class='ocr_line' id='line_1_28' title="bbox 336 3197 2449 3286; baseline 0 -20"><span class='ocrx_word' id='word_1_229' title='bbox 336 3201 673 3267; x_wconf 87' lang='grc' dir='ltr'>Κατελθὼν</span> <span class='ocrx_word' id='word_1_230' title='bbox 718 3199 838 3264; x_wconf 84' lang='grc' dir='ltr'>οὖν</span> <span class='ocrx_word' id='word_1_231' title='bbox 885 3199 957 3264; x_wconf 83' lang='grc' dir='ltr'>ἐν</span> <span class='ocrx_word' id='word_1_232' title='bbox 1014 3205 1123 3283; x_wconf 83' lang='grc' dir='ltr'>μιᾷ</span> <span class='ocrx_word' id='word_1_233' title='bbox 1178 3205 1439 3282; x_wconf 85' lang='grc' dir='ltr'>κυριακῇ</span> <span class='ocrx_word' id='word_1_234' title='bbox 1495 3197 1788 3274; x_wconf 85' lang='grc' dir='ltr'>ἀπῆλθον</span> <span class='ocrx_word' id='word_1_235' title='bbox 1842 3197 1913 3261; x_wconf 89' lang='grc' dir='ltr'>ἐν</span> <span class='ocrx_word' id='word_1_236' title='bbox 1977 3202 2052 3280; x_wconf 81' lang='grc' dir='ltr'>τῇ</span> <span class='ocrx_word' id='word_1_237' title='bbox 2119 3197 2449 3286; x_wconf 87' lang='grc' dir='ltr'>ἐκκλησίᾳ</span> 
     </span>
     <span class='ocr_line' id='line_1_29' title="bbox 334 3303 1787 3388; baseline -0.005 -15"><span class='ocrx_word' id='word_1_238' title='bbox 334 3310 714 3388; x_wconf 85' lang='grc' dir='ltr'>μεταλαβεῖν</span> <span class='ocrx_word' id='word_1_239' title='bbox 760 3308 862 3371; x_wconf 84' lang='grc' dir='ltr'>καὶ</span> <span class='ocrx_word' id='word_1_240' title='bbox 909 3306 1219 3372; x_wconf 84' lang='grc' dir='ltr'>εἰσελθὼν</span> <span class='ocrx_word' id='word_1_241' title='bbox 1266 3303 1445 3370; x_wconf 89' lang='grc' dir='ltr'>εἶδον</span> <span class='ocrx_word' id='word_1_242' title='bbox 1492 3303 1787 3381; x_wconf 87' lang='grc' dir='ltr'>ἄγγελον.</span> 
     </span>
    </p>
   </div>
   <div class='ocr_carea' id='block_1_3' title="bbox 1176 3516 1602 3525">
    <p class='ocr_par' dir='ltr' id='par_1_3' title="bbox 1176 3516 1602 3525">
     <span class='ocr_line' id='line_1_30' title="bbox 1176 3516 1602 3525; baseline 0 556"><span class='ocrx_word' id='word_1_243' title='bbox 1176 3516 1602 3525; x_wconf 95' lang='lat' dir='ltr'> </span> 
     </span>
    </p>
   </div>
  </div>
 </body>
</html>
