2581 4081
1134 233 1204 310 47

295 417 470 502 Usus
524 438 975 499 intransitivus
1034 439 1221 498 verbi
1272 419 1845 514 διαλαμβάνειν
1903 446 1966 515 p.
2015 424 2122 511 58,
2171 432 2215 501 4

121 526 430 620 διέλαβεν
476 543 603 619 πᾶς
653 540 691 604 ὁ
740 541 898 618 ναὸς
947 541 1049 604 καὶ
1097 539 1332 618 ἐκαύθη
1382 547 1666 622 quodam
1712 547 1904 606 modo
1938 547 2216 605 illustra·

110 660 222 712 tur
292 654 518 711 verbis
565 653 1006 730 Agathangeli
1072 656 1145 728 p.
1185 647 1294 730 35,
1343 647 1429 711 20
1475 653 1633 730 Lag.
1730 648 2213 726 περισσοτέρως

107 751 378 833 ἀνήφθη
427 754 531 817 καὶ
578 753 871 833 διέλαβεν
918 755 1019 818 καὶ
1069 753 1324 831 διεδόθη
1372 753 1412 831 ἡ
1461 753 1767 831 θρησκεία
1814 753 2049 819 αὐτῶν.

299 850 736 939 ἐκπορίζειν
782 884 845 941 p.
896 860 1003 937 25,
1048 859 1089 923 8
1139 859 1508 940 (ἐξεπόρισα
1555 859 1625 924 ἐκ
1669 863 1785 924 τοῦ
1837 861 2211 940 Βυζαντίου)

107 972 179 1030 id
231 979 355 1043 est,
427 974 603 1047 quod
658 968 916 1032 ‘navem
975 968 1272 1049 solvere',
1337 968 1513 1031 ‘vela
1579 968 1672 1047 (in
1720 968 1949 1049 altum)
2011 968 2213 1032 dare'.

110 1077 209 1138 Cf.
263 1079 696 1154 Theophanes
744 1080 775 1138 I
832 1096 895 1156 p.
943 1073 1096 1150 354,
1156 1072 1195 1138 8
1267 1079 1350 1137 de
1396 1078 1565 1138 Boor
1635 1072 1988 1151 ἐκπορίζων
2049 1075 2120 1137 δὲ
2175 1073 2213 1138 ὁ

109 1178 316 1257 αὐτὸς
399 1179 814 1259 θεοβύθιστος
897 1180 1136 1258 στόλος
1218 1180 1584 1259 κατελήφθη
1677 1179 1806 1244 ὑπὸ
1896 1180 2213 1259 χειμερίου

110 1287 317 1365 ζάλης
367 1288 559 1367 (quae
591 1310 797 1368 paene
832 1293 917 1352 ad
948 1294 1224 1353 verbum
1255 1293 1496 1367 repetit
1528 1291 1801 1352 Cedren.
1835 1292 1866 1350 I
1896 1310 1959 1368 p.
1988 1286 2023 1351 ’7
2030 1286 2136 1364 65,
2174 1288 2209 1354 7

108 1396 371 1470 Bonn.).
429 1399 499 1457 P.
532 1392 683 1470 399,
713 1393 748 1458 7
777 1394 848 1458 ἐν
881 1393 1003 1473 γὰρ
1036 1399 1126 1479 τῷ
1173 1394 1529 1472 ἐκπορίζειν
1574 1393 1690 1458 τὸν
1724 1393 1965 1458 στόλον
1997 1393 2213 1458 αὐτῶν

111 1502 365 1578 λαῖλαψ
419 1548 433 1564 .
481 1548 494 1563 .
544 1499 877 1579 ἐνσκήψας
948 1500 1038 1579 εἰς
1099 1499 1336 1577 αὐτοὺς
1403 1499 1675 1579 τούτους
1739 1500 2210 1579 διεσκόρπισεν.

109 1612 320 1672 Reete
366 1612 569 1689 igitur
618 1613 698 1672 de
732 1613 901 1672 Beer
947 1614 1231 1673 restituit
1277 1629 1341 1688 p.
1377 1606 1529 1683 368,
1562 1605 1650 1671 24
1696 1608 1861 1686 πρὸς
1907 1607 1983 1671 τὸ
2030 1606 2215 1671 ἐκπο-

114 1712 298 1791 ρίσαι
344 1715 458 1790 τῆς
506 1713 761 1791 πόλεως
784 1714 855 1794 1).

296 1824 439 1883 Non
461 1825 663 1902 igitur
691 1824 1058 1883 audiendus
1080 1830 1178 1883 est
1198 1824 1559 1901 Eberhard,
1591 1824 1704 1898 qui
1725 1820 2069 1887 καταπαῦ
2084 1832 2215 1882 σαι

111 1949 175 2008 p.
235 1925 338 2008 16,
366 1925 452 1990 24
499 1923 686 2007 (κατά
731 1945 872 1991 τινα
904 1923 1233 2005 σύμβολον
1265 1925 1394 1989 ἐκεῖ
1424 1927 1829 1989 καταπαῦσαι
1859 1926 1975 1990 τὸν
2022 1925 2214 1991 πόλε-

115 2034 271 2115 μον)
320 2039 388 2097 in
419 2030 955 2097 καταπαύσασθαι
1001 2037 1302 2100 mutavit.
1361 2036 1526 2098 Nam
1559 2044 1632 2097 ιιι
1663 2038 1917 2098 mittam
1965 2045 2212 2113 poetae,

114 2146 557 2205 creberrimus
589 2145 695 2203 hie
741 2159 897 2221 usus
930 2150 1027 2204 est
1074 2145 1250 2220 apud
1273 2144 1455 2204 LXX
1501 2145 1890 2219 interpretes
1913 2139 1983 2218 2),
2031 2147 2215 2206 velut

113 2251 353 2339 Genes.
404 2246 465 2324 8,
487 2247 573 2311 22
599 2246 852 2326 σπέρμα
876 2247 977 2311 καὶ
1003 2246 1306 2326 θερισμὸς
1333 2245 1410 2310 οὐ
1436 2244 1946 2328 καταπαύσουσι,
1996 2245 2104 2329 49,
2125 2246 2211 2311 33

116 2502 229 2551 vim
252 2500 610 2562 transitivam‚
639 2507 834 2563 quater
860 2496 1275 2548 intransitivum.
1333 2496 1514 2562 Atque
1541 2501 1603 2546 ut
1629 2493 1826 2546 dieitur
1851 2493 1881 2547 ὁ
1909 2493 2216 2559 ἐπίσκοπος

124 2587 373 2640 ἀπέλυεν
426 2586 534 2650 τὴν
590 2584 830 2650 σύναξιν,
887 2588 965 2637 ita
1017 2587 1180 2637 etiam
1234 2585 1437 2652 legitur
1473 2585 1744 2649 Apophth.
1787 2591 1926 2649 patr.
1974 2603 2026 2652 p.
2064 2581 2215 2636 2412

119 2676 366 2730 ἀπέλυεν
404 2675 439 2740 ἡ
482 2675 703 2738 σύναέις
737 2675 994 2728 ‘ecelesia
1030 2677 1193 2728 missa
1229 2672 1356 2726 est'.

302 2763 354 2828 1)
393 2768 588 2833 Itaque
615 2779 722 2816 non
743 2766 948 2830 dubim,
987 2768 1116 2832 quin
1156 2768 1325 2820 verba
1363 2763 1447 2831 50,
1472 2763 1541 2817 23
1582 2764 2110 2820 ἐκπλευσάντων
2150 2762 2212 2815 δὲ

115 2855 285 2919 ἡμῶν
336 2852 412 2915 εἰς
461 2854 567 2920 τὴν
604 2853 767 2906 πόλιν
803 2862 952 2907 reete
993 2857 1193 2907 tradita
1229 2858 1355 2919 sint,
1409 2859 1727 2921 praesertim
1777 2873 1900 2908 eum
1945 2856 2109 2908 etiam
2157 2856 2214 2905 in

116 2946 306 2997 codiee
345 2946 397 2995 H
446 2952 679 3006 exstent,
737 2959 1069 3011 quamquam
1119 2946 1280 2996 facile
1333 2953 1547 2996 mutata
1596 2962 1707 2997 una
1743 2945 1927 2997 littera
1964 2940 2028 3008 (π
2064 2945 2120 2994 in
2158 2939 2213 3009 ο)

116 3035 356 3085 conicias
395 3031 861 3085 είσοδευσάντων.
907 3035 1048 3085 Sane
1075 3032 1318 3099 ἐκπλεῖν,
1355 3041 1416 3085 ιιι
1442 3036 1771 3099 saepissime,
1799 3037 1876 3086 ita
1901 3035 2046 3101 apud
2070 3035 2213 3083 Mar-

118 3138 245 3174 eum
270 3118 411 3188 45‚2
437 3123 506 3173 al.
545 3119 764 3173 ‘navem
803 3118 1041 3173 solvere’
1077 3121 1362 3188 signifieat,
1407 3122 1503 3173 sed
1539 3122 1639 3172 hoe
1676 3123 1793 3173 loeo
1830 3123 2053 3190 linguae
2079 3138 2212 3174 nau·

117 3213 281 3275 tieae‚
305 3217 367 3262 ut
386 3212 463 3262 ita
483 3212 673 3275 dicam,
717 3211 1041 3261 vocabulum
1063 3217 1125 3262 ut
1145 3207 1456 3274 ἐκπορίζειν
1477 3226 1595 3264 esse
1616 3217 1671 3263 et
1700 3209 1964 3263 ‘navibus
2002 3205 2216 3279 egredi’

118 3298 424 3367 significare
471 3300 704 3365 videtur,
755 3306 818 3350 ut
854 3301 1160 3366 germanice
1199 3301 1395 3351 dieitur
1431 3297 1567 3351 ‘sich
1606 3297 1969 3353 aussehiffen.’
2042 3301 2211 3352 Simili

120 3390 264 3441 enim
304 3405 464 3440 sensu
502 3391 728 3441 verbum
767 3389 1071 3440 καταπλεῖν
1097 3403 1130 3439 a
1156 3390 1341 3440 Marco
1368 3397 1664 3455 usurpatur
1702 3387 1786 3453 68,
1812 3385 1878 3439 16
1904 3389 2209 3439 καταπλευ-

120 3476 347 3531 σάντων
386 3476 444 3528 δὲ
486 3476 677 3528 αὐτῶν
728 3478 782 3538 (i.
825 3495 872 3530 e.
918 3479 1034 3528 τῶν
1073 3474 1339 3544 στόλων),
1399 3478 1542 3544 quod
1582 3477 1849 3545 signifieat
1890 3475 2208 3544 ‘postquam

122 3565 408 3615 columnae
448 3582 477 3615 e
516 3564 749 3616 navibus
786 3567 841 3615 in
880 3572 1079 3617 terram
1118 3571 1326 3617 tractae
1365 3573 1492 3616 sunt
1505 3559 1535 3615 ⁹.

302 3649 356 3718 2)
398 3652 716 3705 Praeiverat
754 3655 859 3704 iam
899 3670 1072 3705 sermo
1111 3654 1324 3706 Atticus
1362 3656 1415 3705 in
1454 3656 1773 3722 imperativo
1811 3656 1971 3710 παῦε.
