2581 4081
1177 272 1246 327 59

151 447 432 512 λεύειν
479 447 585 523 62,
635 447 676 511 6
741 446 1217 527 συνεβούλευον
1263 446 1384 511 οὖν
1429 466 1598 525 τινες
1653 451 1986 533 κτισθῆναι
2034 448 2255 526 αὐτήν.

151 555 420 619 αἰτεῖν
467 555 575 631 22,
629 554 710 618 13
748 552 1006 634 ἄρχεται
1056 558 1276 618 λαλεῖν
1335 555 1439 618 καὶ
1493 553 1691 618 αἰτεῖν
1737 553 1944 618 ποτὸν
1992 558 2257 633 δοθῆναι

153 661 366 746 αὐτῷ.
460 668 759 741 Denique
836 683 900 741 p.
954 662 1056 737 11,
1104 661 1184 724 21
1251 658 1330 724 οὗ
1377 660 1532 738 τοὺς
1580 660 1888 738 ἐπαίνους
1936 657 2260 724 ἀδύνατον

154 769 238 834 ἐν
285 767 676 848 παρεκβάσει
724 773 1067 847 γραφῆναι.
1160 772 1402 833 Contra
1448 774 1649 834 semel
1703 775 1967 848 praeter
2011 788 2259 831 morem

157 882 523 956 simplex
570 881 1055 939 infinitivus
1113 882 1257 940 loco
1315 880 1680 939 accusativi
1730 895 1785 938 c.
1841 879 1960 937 inf.
2009 880 2262 955 positus

158 990 269 1047 est
317 1004 380 1062 p.
430 981 492 1057 6,
532 980 571 1045 8
599 1003 649 1045 s.
742 984 858 1044 τοῦ
906 981 1028 1059 γὰρ
1074 979 1324 1058 πάθους
1372 983 1694 1044 τοσοῦτον
1741 978 2123 1058 κατεφρόνει
2170 979 2261 1059 ὡς

101 1116 106 1120 ·
158 1087 451 1167 νομίζειν
498 1087 698 1152 αὐτὸν
740 1087 812 1151 ἐν
858 1086 1177 1171 ἀλλοτρίῳ
1211 1087 1458 1166 σώματι
1495 1090 1612 1164 τὴν
1659 1085 1863 1150 νόσον
1910 1085 2102 1165 ἔχειν,
2146 1093 2262 1152 ubi

161 1202 517 1275 exspectes
566 1206 680 1258 aut
748 1193 839 1272 ὡς
911 1195 1187 1273 νομίζειν
1228 1192 1372 1258 τινά
1419 1202 1552 1269 aut,
1624 1201 1698 1257 ut
1749 1191 1849 1268 19,
1898 1191 1962 1255 4.
2010 1192 2119 1269 41,
2159 1193 2258 1257 17.

163 1301 279 1377 20,
342 1300 432 1378 ὡς
493 1300 879 1380 νομίζεσθαι.
975 1305 1165 1382 Quod.
1219 1323 1302 1365 ne
1372 1306 1519 1380 quis
1578 1305 1999 1363 librariorum
2069 1306 2265 1379 culpa

165 1415 560 1487 corruptum
607 1415 888 1489 putaret,
937 1415 1006 1472 in
1054 1414 1478 1472 adnotatione
1528 1411 1758 1470 critica
1812 1411 1882 1469 in
1930 1425 2264 1486 compara-

165 1521 420 1578 tionem
467 1521 854 1579 vocavimus
900 1519 1241 1578 Athanasii
1289 1536 1354 1577 v.
1405 1519 1671 1577 Antonii
1719 1534 1783 1592 p.
1832 1509 2000 1575 965²
2023 1517 2263 1594 Migne.

163 1626 525 1684 Praeterea
572 1627 856 1685 conferri
887 1619 1166 1702 'possunt
1221 1626 1350 1684 loci
1397 1626 1491 1684 hi:
1551 1625 1820 1683 Macarii
1869 1624 2129 1683 abbatis
2175 1625 2268 1683 vi-

169 1734 398 1791 siones
448 1731 623 1792 PGM
693 1733 979 1791 XXXIV
1052 1749 1116 1807 p.
1164 1727 1332 1790 221ει
1388 1728 1490 1791 καὶ
1538 1726 1788 1806 ἐθρήνει
1834 1730 1926 1810 τῷ
1973 1727 2266 1809 σχήματι,

144 1837 351 1901 -ὥστε
406 1837 702 1919 νομίζειν,
761 1835 860 1900 ὅτι
923 1839 1024 1901 καὶ
1081 1836 1118 1901 ὁ
1190 1837 1471 1915 οὐρανὸς
1543 1837 2026 1914 συνεθρήνησεν
2074 1833 2269 1917 αὐτῷ.

170 1950 429 2009 Pallad.
501 1967 565 2025 p.
619 1943 826 2007 102οῢ
868 1945 971 2007 καὶ
1015 1948 1130 2021 τῆς
1179 1943 1461 2022 ἑσπέρας
1532 1942 2024 2022 καταλαβούσης
2095 1939 2272 2004 ἐστιν

177 2050 446 2116 ἑστάναι
511 2053 613 2114 καὶ
679 2048 936 2115 ἀκούειν
987 2098 1001 2114 .
1054 2099 1067 2113 .
1121 2049 1424 2139 ,ὕμνους
1493 2052 1595 2114 καὶ
1652 2049 1953 2128 ψαλμοὺς
2004 2096 2019 2112 .
2072 2095 2107 2125 .,
2176 2047 2269 2125 ὡς

178 2157 443 2235 νομίσαι
507 2156 651 2221 τινὰ
715 2156 1059 2236 μετάρσιον
1125 2156 1197 2222 ἐν
1251 2163 1344 2239 τῷ
1390 2161 1504 2235 τῆς
1573 2160 1825 2235 τρυφῆς
1896 2153 2272 2239 παραδείσῳ

179 2265 735 2345 μετοικισθῆναιῑ).

361 2376 482 2434 Vel
509 2376 759 2435 Atticos
781 2377 1133 2450 scriptores
1158 2376 1340 2433 haud
1376 2390 1527 2433 raro
1552 2375 1784 2433 videas
1808 2375 2139 2433 hominem
2164 2372 2273 2431 ali-

1 2488 2 2493 ’
98 2556 109 2562 ‚
180 2498 379 2558 quem
404 2465 782 2555 loquentem
803 2482 1138 2551 facienteS,
1190 2498 1342 2541 cum
1367 2482 1451 2540 ab
1477 2482 1662 2540 initio
1689 2483 1980 2540 oratione
2008 2479 2276 2553 obliqua

179 2589 288 2649 usi
336 2589 485 2659 sint,
558 2589 774 2662 subito
819 2590 1071 2647 mutata
1127 2589 1483 2647 verborum
1543 2589 1870 2646 structura
1914 2588 2274 2647 orationem

178 2697 432 2755 rectam
465 2695 779 2754 adhibere
827 2712 910 2753 ne
952 2695 1337 2770 interposito
1385 2695 1652 2769 quidem
1686 2689 1890 2768 φησίν
1935 2697 2042 2754 vel
2078 2694 2274 2753 simili

180 2802 536 2861 voca-bulo.
632 2801 724 2861 Cf.
786 2802 1057 2879 Madvig
1123 2802 1377 2877 Syntax
1443 2818 1543 2879 gr.
1611 2797 1651 2875 ἓ
1703 2792 1886 2877 192Ῑ),
1965 2802 2278 2861 Kuehner

182 2908 475 2969 Gramm.
525 2925 588 2984 p.
641 2901 834 2979 1065,
861 2901 923 2967 5.
1020 2908 1211 2985 Quod
1258 2910 1480 2968 nescio
1529 2925 1612 2967 an
1659 2909 2016 2983 posteriore
2064 2910 2274 2966 aetate

182 3019 252 3075 et
298 3015 365 3072 in
428 3030 726 3074 sermone
773 3016 1031 3092 volgari
1098 3017 1296 3074 etiam
1362 3017 1559 3074 latius
1619 3015 1924 3090 patuerit.
2018 3016 2276 3075 Marcus

182 3122 290 3181 bis
331 3122 426 3180 ita
470 3121 762 3194 loquitur
824 3139 888 3197 p.
940 3116 1042 3191 77,
1092 3116 1133 3181 9
1183 3138 1232 3180 s.
1281 3117 1320 3194 ἢ
1367 3117 1441 3180 δέ
1485 3115 1701 3180 πάλιν·
1729 3114 1905 3180 εἶπεν
1963 3119 2043 3195 μὴ
2093 3114 2276 3197 εἶναι,

182 3219 328 3287 ἀλλ’
374 3222 702 3300 ἐπιθυμεῖν
756 3221 825 3285 ἐκ
879 3225 1160 3286 πολλοῦ·
1240 3221 1428 3301 Εἴπερ
1475 3222 1598 3301 εἰμὶ
1644 3221 1787 3288 ἀξία
1835 3231 1900 3286 et
1946 3222 2051 3300 36,
2105 3224 2135 3287 1
2191 3244 2275 3287 ss.

370 3484 425 3551 1)
461 3486 701 3537 Facilius
748 3487 1107 3551 explicantur,
1167 3502 1310 3552 quae
1349 3492 1567 3537 exstant
1603 3504 1655 3550 p.
1696 3483 1782 3550 60,
1821 3482 1854 3536 7
1892 3483 1960 3535 οὐ
1999 3483 2181 3536 θέλων
2220 3482 2275 3551 (ἰ.

186 3574 476 3639 dominus),
517 3572 693 3625 αὐτὸν
731 3572 787 3639 (i.
827 3570 1068 3639 servum)
1109 3571 1406 3639 ἀπολῦσαι,
1452 3571 1591 3626 ἀλλὰ
1628 3576 1812 3639 σῷσαι
1849 3573 1939 3624 καὶ
1978 3570 2278 3635 ἐπιγνῶναι

188 3663 258 3716 τὸ
299 3661 445 3715 δέον.
