2581 4081
1147 260 1217 315 29

317 440 444 504 401
501 446 563 504 d.
612 446 833 505 XVIII
881 464 964 503 m.
1016 445 1320 504 Octobris
1369 445 1660 518 episcopi
1708 445 1887 519 apud
1921 444 2233 503 Ioannem

133 572 290 613 cum
375 555 678 613 Amantio
707 549 755 627 1)
838 554 1176 629 Augustae
1268 553 1676 610 cubiculario
1772 553 2235 625 colloquuntur

133 655 246 734 34,
278 656 314 719 7

320 761 447 825 401
502 767 565 825 (1.
599 767 759 825 XIX
806 783 890 824 m.
942 765 1082 824 Oct.
1118 766 1462 824 Amantius
1511 768 1851 840 episcopos
1902 765 1987 823 ad
2020 765 2233 823 Eudo-

133 876 325 932 xiam
375 874 557 932 ducit
603 867 709 943 35,
739 867 777 931 8

323 974 449 1038 401
516 980 579 1038 d.
646 980 773 1038 XX
841 997 924 1037 m.
994 979 1132 1038 Oct.
1204 981 1496 1054 episcopi
1557 981 1925 1038 Eudoxiam
1983 946 2235 1037 iterum

139 1179 201 1222 et
238 1172 502 1221 Ioannem
540 1176 657 1219 orta
694 1170 979 1231 disserunt,
1020 1170 1086 1218 cf.
1127 1170 1383 1219 Neander
1421 1167 1555 1220 ‘Der
1591 1169 1716 1220 heil.
1754 1169 2032 1219 Johannes
2072 1169 2236 1235 Chry-

140 1255 439 1310 sostomus’
481 1251 662 1308 18483
697 1275 748 1323 p.
789 1254 908 1307 115.
984 1259 1226 1321 Frustra,
1283 1264 1346 1307 ut
1383 1260 1586 1321 opinor,
1632 1260 1764 1320 Ieep
1802 1259 1858 1308 in
1895 1258 2239 1309 Fleckeiseni

142 1366 274 1399 ann.
314 1348 491 1413 suppl.
531 1354 569 1396 t.
596 1347 724 1397 XVI
762 1363 813 1408 p.
842 1342 946 1395 102
983 1346 1106 1396 adn.
1148 1343 1181 1396 3
1219 1346 1522 1396 Eudoxiam
1560 1347 1853 1397 defendere
1893 1353 2119 1398 conatus
2159 1353 2241 1401 est

141 1437 418 1503 neglectis
457 1436 626 1486 Marci
663 1436 860 1499 verbis,
919 1433 1276 1499 antiquissimi
1317 1440 1372 1485 et
1411 1436 1476 1485 ob
1520 1451 1640 1485 eam
1679 1451 1897 1485 causam
1939 1436 2240 1502 gravissimi

144 1527 219 1577 de
246 1525 331 1575 his
358 1526 519 1575 rebus
545 1525 714 1575 testis.
792 1524 870 1597 Of.
892 1524 1172 1574 Draeseke
1211 1524 1468 1574 Zeitschr.
1497 1525 1533 1573 f.
1561 1523 1752 1573 kirchl.
1775 1524 1933 1574 Wiss.
1964 1541 2018 1574 u.
2045 1525 2239 1575 kirchl.

143 1615 290 1665 Leb.
332 1610 470 1664 1888
507 1630 557 1676 p.
585 1609 655 1664 32
693 1614 816 1664 adn.
859 1611 906 1662 1.

337 1698 390 1760 1)
428 1701 591 1752 Hunc
626 1702 939 1752 Amantium
976 1703 1209 1753 eundem
1249 1719 1367 1753 esse
1406 1703 1725 1753 crediderim
1762 1710 1929 1768 atque
1968 1720 2109 1766 eum,
2151 1703 2246 1768 qui

147 1797 347 1858 postea
373 1791 663 1856 plurimum
688 1792 864 1858 gratia
891 1791 1036 1856 apud
1057 1791 1418 1841 Theodosium
1444 1792 1619 1842 valuit
1643 1793 1925 1849 Minorem,
1965 1793 2033 1842 cf.
2055 1792 2244 1842 Zonar.

149 1882 289 1932 XIV
327 1877 411 1931 23.
488 1883 535 1932 A
574 1897 680 1947 quo
720 1882 1003 1937 ecclesiam
1045 1898 1085 1930 s.
1114 1881 1355 1931 Thomae
1396 1898 1518 1931 cum
1556 1883 1676 1932 aliis
1703 1881 1961 1932 aedificiis
1990 1881 2247 1931 Constan-

150 1970 383 2035 tinopoli
422 1970 690 2020 conditam
729 1971 819 2019 vel
854 1971 1209 2020 instauratam
1245 1986 1364 2020 esse
1402 1970 1574 2021 Seeck
1601 1966 1770 2033 (apud
1796 1971 2249 2033 Pauly-Wissova

152 2060 578 2124 Realencyclop.
603 2076 642 2108 s,
665 2077 714 2108 v.
735 2058 1036 2119 Amantius)
1066 2076 1131 2109 ex
1159 2060 1546 2125 epigrammate
1574 2060 1720 2110 anth.
1744 2061 1861 2109 Pal.
1883 2061 1909 2109 Ι
1930 2057 1963 2110 5
1989 2061 2107 2109 iure
2129 2076 2249 2108 con·

155 2149 339 2198 clusit.
415 2148 570 2209 Quod
599 2154 779 2198 autem
808 2149 1042 2198 Zonaras
1070 2149 1197 2198 XIV
1224 2144 1257 2198 5
1285 2154 1341 2198 et
1368 2149 1633 2214 Georgius
1660 2148 1896 2199 Oodinus
1935 2165 1984 2214 p.
2009 2144 2129 2212 105,
2154 2144 2183 2195 1
2208 2164 2249 2197 s.

155 2240 332 2288 Bonn.
371 2237 520 2287 illam
569 2236 850 2286 ecclesiam
900 2238 968 2287 ab
1007 2237 1256 2288 Amantio
1308 2237 1554 2288 eunucho
1594 2239 1864 2288 Anastasii
1913 2237 2250 2299 imperatoris

156 2327 495 2389 temporibus
532 2326 837 2387 praeposito
865 2326 1037 2375 sancti
1065 2326 1301 2376 cubiculi
1329 2327 1596 2377 conditam
1625 2342 1744 2377 esse
1770 2326 2021 2388 produnt,
2062 2329 2249 2387 aperto

158 2431 344 2466 errore
390 2415 594 2465 factum
644 2419 741 2463 est.
816 2414 919 2463 Illa
958 2416 1099 2463 enim
1149 2415 1412 2477 aedificia,
1471 2432 1612 2480 quae
1649 2413 1719 2463 τὰ
1757 2410 2055 2477 Ἀμαντίου
2096 2429 2251 2463 voca-

158 2507 364 2555 bantur
401 2498 491 2565 (cf.
533 2503 746 2552 Sievers
784 2502 817 2550 l.
860 2518 903 2550 c.
946 2518 994 2566 p.
1029 2497 1155 2563 424)
1195 2503 1301 2551 iam
1340 2503 1537 2553 Leonis
1573 2504 1910 2565 imperatoris
1950 2509 2131 2554 aetate
2169 2504 2251 2552 fu·

159 2595 271 2643 isse
324 2590 557 2640 efficitur
605 2590 947 2652 Theophanis
998 2589 1177 2639 verbis
1224 2591 1249 2637 I
1296 2606 1346 2651 p.
1391 2585 1508 2648 112,
1550 2586 1617 2638 19
1638 2607 1678 2639 s,
1720 2591 1787 2641 de
1822 2593 1977 2655 Boor,
2037 2592 2130 2656 qui
2184 2589 2251 2639 de

162 2696 364 2746 magna
401 2680 549 2728 urbis
599 2684 754 2741 parte
795 2679 886 2728 illo
934 2685 1174 2741 tempore
1223 2680 1471 2731 incendio
1523 2681 1705 2731 deleta
1753 2681 2040 2731 memoriae
2087 2679 2254 2729 tradit

159 2767 355 2834 τούτῳ
395 2771 478 2832 τῷ
520 2766 631 2817 ἔτει
679 2763 748 2829 (a.
787 2764 914 2830 466)
966 2766 1292 2830 ἐμπρησμὸς
1332 2766 1501 2830 μέγας
1538 2766 1770 2830 γέγονεν
1810 2767 1869 2818 ἐν
1911 2766 2253 2817 Κωνσταντι-

159 2855 432 2908 νουπόλει
468 2858 540 2922 τῇ
583 2852 817 2921 δευτέρᾳ
855 2858 956 2905 τοῦ
992 2853 1369 2919 Σεπτεμβρίου
1412 2856 1586 2921 μηνὸς
1623 2854 1965 2916 ἰνδικτίωνος
2001 2855 2056 2905 ‘se'
2098 2852 2253 2917 ἀρξά-

166 2960 335 3010 μενος
374 2943 484 2995 ἀπὸ
523 2947 626 2995 τοῦ
663 2942 900 3008 νεωρίου
940 2945 1028 2993 καὶ
1068 2944 1290 3009 φθάσας
1328 2945 1435 3006 ἕως
1471 2948 1573 2995 τοῦ
1599 2948 1741 2995 ναοῦ
1767 2947 1868 2994 τοῦ
1897 2939 2057 3004 ἁγίου
2080 2939 2256 3005 Θωμᾶ

163 3035 285 3086 τῶν
323 3031 642 3096 Ἀμαντίου.
719 3036 963 3096 Quocum
1011 3036 1079 3084 ad
1127 3036 1354 3085 verbum
1402 3036 1517 3085 fere
1564 3035 1908 3084 consentiunt
1944 3033 2260 3083 Theodorus

165 3126 367 3174 Lector
403 3124 432 3172 I
468 3119 538 3173 23
577 3128 633 3173 et
671 3123 949 3173 Cedrenus
987 3123 1013 3171 Ι
1052 3140 1102 3185 p.
1140 3119 1258 3184 609,
1288 3118 1357 3172 23
1379 3139 1419 3172 s.
1459 3124 1647 3185 Bonn.,
1708 3138 1812 3188 quo
1851 3121 1968 3171 loco
2007 3137 2104 3184 pro
2143 3122 2261 3169 τῶν

168 3211 463 3276 Ἀμάντων
501 3212 842 3262 scribendum
882 3217 965 3261 est
1001 3212 1120 3260 τῶν
1147 3207 1461 3272 Ἀμαντίου.
1536 3212 1675 3262 Vide
1712 3212 1893 3276 igitur,
1932 3227 2002 3260 ne
2039 3210 2094 3260 id
2134 3227 2261 3276 quo·

170 3318 281 3370 que
317 3318 531 3352 mecum
566 3301 748 3362 faciat,
790 3301 933 3366 quod
972 3302 1026 3349 in
1066 3301 1331 3351 ecclesiae
1368 3317 1408 3349 s.
1438 3295 1682 3350 Thomae
1721 3306 1776 3350 et
1812 3301 1932 3350 τῶν
1961 3294 2261 3361 Ἀμαντίου

168 3391 500 3442 conditorem
541 3391 681 3439 bene
720 3389 989 3455 quadrant
1026 3390 1196 3438 Marci
1234 3389 1404 3439 verba
1441 3405 1491 3453 p.
1532 3384 1617 3452 45,
1649 3384 1717 3439 10
1737 3405 1802 3439 ss.
1843 3386 1915 3449 ἦν
1952 3385 2060 3450 γὰρ
2120 3388 2174 3451 (i.
2214 3403 2260 3437 e.

170 3482 480 3541 Amantius)
521 3476 663 3529 κατὰ
701 3476 968 3542 ἀλήθειαν
1006 3476 1310 3542 ἄμεμπτος,
1350 3475 1562 3539 πολλὰς
1589 3475 1968 3541 ἐλεημοσύνας
1997 3474 2265 3540 παρέχων

170 3570 265 3621 καὶ
305 3567 395 3620 διὰ
434 3567 646 3629 παντὸς
683 3567 974 3632 νηστεύων
1012 3569 1101 3619 καὶ
1151 3568 1467 3630 ξενοδοχῶν
1512 3568 1756 3628 πολλοὺς
1803 3567 1892 3618 καὶ
1941 3564 2266 3630 συντρέχων

170 3658 254 3721 εἰς
290 3657 392 3721 τὰς
430 3655 713 3721 εὐσεβείας
749 3655 948 3722 χρείας.
