2581 4081
1378 241 1450 297 54

367 424 618 485 Similia
670 427 980 502 leguntur
1027 425 1349 500 Apophth.
1422 430 1588 499 patr.
1661 441 1722 499 p.
1772 418 1854 483 37
1864 418 1899 482 ‘1
1921 413 1956 457 ¹¹
2025 418 2127 482 καὶ
2200 421 2459 497 θεωρῶν

367 524 567 591 αὐτὸν
612 524 743 591 ἀπὸ
791 525 1071 605 μεγάλου
1104 525 1333 608 κόπου,
1382 548 1445 607 p.
1480 521 1659 590 396⁶
1705 524 1808 590 ὅτι
1841 523 1973 590 ἀπὸ
2020 525 2230 590 κόπου
2284 524 2457 604 εἰσίν,

369 655 431 713 Ρ.
480 631 654 698 2640
707 631 787 710 ἦν
829 652 953 710 γαρ
995 630 1126 696 ἀπὸ
1174 631 1457 711 καμάτου
1505 635 1776 697 πολλοῦ.

547 744 886 803 Interdum
949 745 1207 805 Marcus
1280 745 1695 806 substantivo
1761 761 1910 804 oum
1983 744 2460 820 praepositione

369 849 717 911 coniuncto
762 850 969 916 utitur
999 866 1195 910 sensu
1241 851 1526 926 quodam
1558 850 1974 928 significanti.
2046 850 2238 925 Quod
2272 866 2334 924 p.
2361 842 2460 917 33,

374 952 458 1016 14
503 958 746 1033 legitur
793 952 940 1030 πρὸ
987 950 1278 1030 χρόνου
1339 972 1460 1032 pro
1527 973 1602 1016 eo
1662 956 1838 1030 quod
1896 961 1996 1014 est
2052 952 2179 1029 πρὸ
2228 950 2462 1029 χρόνου

369 1058 546 1136 τινός
594 1064 701 1123 vel
749 1060 997 1122 πολλοῦ
1047 1079 1253 1140 aeque
1303 1079 1380 1122 ao
1428 1057 1583 1136 μετὰ
1630 1056 1870 1136 χρόνον
1920 1063 2015 1121 ita
2060 1071 2461 1137 usurpatum,

371 1175 444 1228 ut
490 1187 573 1228 ex
622 1171 821 1229 totius
867 1171 995 1230 loei
1043 1171 1368 1230 sententia
1414 1175 1747 1246 appareat,
1808 1178 2025 1229 utrum
2076 1170 2338 1246 longius
2386 1186 2462 1227 an

373 1276 641 1335 brevius
674 1277 758 1335 sit
803 1277 1319 1354 intellegendum
1353 1284 1629 1352 tempu&
1677 1276 2036 1352 posteriore
2084 1281 2300 1335 aetate
2347 1277 2463 1335 usi·

373 1382 764 1475 tatissimum
811 1400 953 1443 esse
1000 1384 1171 1443 inter
1217 1399 1443 1442 omnes
1490 1388 1765 1443 constat.

552 1488 796 1549 Verum
842 1507 1011 1565 quae
1058 1506 1121 1569 p.
1170 1483 1393 1566 56,10
1449 1495 1713 1549 exstant
1758 1484 1954 1562 μετὰ
2014 1487 2283 1563 φωνῆς
2332 1485 2466 1548 ἀνέ-

366 1595 600 1668 κραξεν
631 1597 1086 1658 Eberhardum
1119 1598 1211 1656 ita
1257 1597 1690 1667 offenderunt,
1739 1602 1813 1656 ut
1856 1596 2280 1655 scribendum
2330 1613 2470 1655 een-

377 1706 548 1761 seret
594 1696 750 1775 μετὰ
800 1696 1162 1782 <μεγάλης>
1213 1701 1462 1777 φωνῆς.
1558 1704 1643 1761 At
1705 1709 1884 1761 reete
1944 1719 2014 1762 se
2063 1703 2307 1762 habere
2354 1702 2469 1762 lee-

375 1808 618 1867 tionem
665 1809 975 1869 traditam
1007 1827 1137 1870 non
1185 1811 1394 1869 solum
1428 1809 1706 1869 effleitur
1750 1808 1975 1868 verbis
2024 1818 2151 1868 aot.
2185 1810 2472 1869 Marinae

376 1931 438 1989 p.
488 1907 594 1985 45,
620 1909 663 1972 4
696 1913 809 1975 Ua.
858 1910 919 1974 οἱ
952 1909 1212 1987 ἄγγελοι
1249 1910 1405 1990 μετὰ
1441 1916 1669 1990 φωνῆς
1706 1909 1998 1988 ἔψαλλον
2048 1916 2179 1974 iam
2225 1916 2299 1975 in
2346 1917 2473 1975 edi·
2543 1980 2544 1983 Ἴ

379 2021 553 2080 tione
586 2026 810 2081 nostra
841 2022 908 2082 in
943 2022 1496 2099 comparationem
1527 2022 1802 2091 vocatia,
1840 2022 1955 2082 sed
1989 2022 2475 2082 demonstratur

378 2127 576 2186 etiam
645 2134 769 2188 aet.
843 2129 1178 2196 Anthusae
1248 2146 1313 2204 p.
1385 2121 1487 2205 14,
1518 2123 1600 2187 16
1639 2145 1688 2187 s.
1759 2128 1873 2189 Ue.
1944 2124 2475 2202 προσεφθέγξατο

380 2228 554 2314 αὐτῷ
601 2229 756 2309 μετὰ
803 2234 1034 2310 φωνῆς
1077 2240 1142 2295 et
1173 2236 1498 2312 Apophth.
1532 2241 1790 2310 patrum
1815 2233 1992 2294 PGM
2016 2234 2192 2294 LXV
2217 2253 2281 2310 p.
2307 2231 2477 2295 4240

380 2336 724 2415 δυνάμενοι
772 2338 1045 2417 ψάλλειν
1092 2338 1247 2417 μετὰ
1290 2343 1518 2417 φωνῆς
1534 2339 1600 2416 1).

556 2449 870 2510 Similiter
895 2451 1072 2511 clieta
1097 2459 1248 2511 sunt
1271 2468 1336 2525 p.
1359 2443 1422 2527 5,
1448 2445 1490 2508 2
1539 2443 1714 2523 ὁρῶν
1759 2444 1830 2509 δὲ
1867 2444 2067 2509 αὑτὸν
2115 2444 2187 2508 ἐν
2223 2443 2478 2528 ἐσχάτῳ
2545 2467 2546 2514 3

381 2540 658 2636 κινδύνῳ
705 2547 859 2616 κατ’
929 2551 1395 2629 οἰκονομίαν
1452 2553 1807 2629 παρακαλεῖ
1865 2571 2008 2615 τινα
2055 2571 2268 2631 neque
2319 2572 2480 2631 opus
2545 2605 2546 2618 ,

383 2670 483 2724 est
530 2664 907 2729 eonieetura
952 2658 1090 2721 κατ’
1148 2658 1517 2737 οἰκονομίαν
1567 2657 1825 2741 <θεοῦ>,
1892 2681 2087 2739 quam
2149 2665 2217 2723 in
2285 2664 2480 2721 adno-
2545 2641 2546 2656 ἶ

383 2770 628 2830 tatione
677 2769 908 2829 eritiea
971 2771 1446 2845 proposuimuS.
1539 2770 1702 2829 Nam
1772 2771 1942 2830 sieut
2011 2787 2481 2868 saepenumerp

384 2893 547 2936 voce
593 2870 869 2949 πρόνοια
909 2884 1179 2936 utuntur
1210 2875 1470 2953 Graeci,
1511 2877 1628 2936 ubi
1674 2871 1714 2950 ἡ
1763 2873 1914 2935 θεοῦ
1951 2878 2090 2935 sive
2123 2874 2292 2937 θεῶν
2328 2873 2482 2958 πρό,-

385 2997 532 3042 νοια
561 2983 1007 3060 intellegenda
1039 2990 1157 3055 est,
1206 2984 1299 3042 ita
1331 2983 1528 3042 etiam
1559 2979 1598 3057 ἡ
1649 2977 1980 3056 οἰκονομία
2011 2999 2128 3059 pro
2177 3000 2253 3043 eo
2302 2987 2480 3059 quod

567 3187 621 3256 1)
660 3191 781 3242 Non
817 3191 1101 3257 indignum
1138 3191 1358 3243 videtur
1395 3194 1587 3241 notatu
1623 3190 1809 3240 Marco
1854 3190 1911 3239 in
1949 3189 2159 3240 deliciis
2196 3204 2318 3240 esse
2358 3190 2480 3239 sub-

387 3280 637 3333 stantivis
687 3295 810 3332 eum
860 3280 1257 3343 praepositione
1306 3274 1446 3340 μετά
1492 3278 1793 3329 coniunctis
1838 3278 1921 3327 uti
1959 3277 2029 3327 ad
2065 3276 2481 3344 significandum

389 3384 497 3436 quo
534 3368 665 3436 quid
704 3367 860 3418 modo
908 3367 1114 3418 factum
1150 3368 1234 3419 sit.
1310 3368 1478 3419 Velut
1513 3384 1566 3431 p.
1606 3361 1750 3429 7,10
1793 3362 2200 3429 περιεπτύξατό
2234 3376 2300 3426 με
2344 3363 2483 3427 μετὰ

388 3457 561 3520 χαρᾶς
597 3453 687 3506 καὶ
723 3452 1004 3519 δακρύων,
1043 3473 1096 3521 p.
1124 3452 1209 3517 19,
1236 3451 1307 3505 15
1349 3453 1485 3517 μετὰ
1523 3455 1697 3519 χαρᾶς
1734 3451 1827 3504 καὶ
1863 3451 2107 3520 εἰρήνης.
2164 3454 2244 3505 cf.
2286 3450 2373 3519 19,
2394 3450 2480 3506 25.

389 3540 476 3607 27,
500 3539 552 3594 6.
579 3540 629 3594 9.
668 3539 753 3604 29,
780 3539 867 3593 18.
905 3537 993 3606 33,
1030 3539 1112 3592 11.
1150 3539 1236 3606 38,
1274 3539 1330 3594 9.
1368 3538 1453 3607 44,
1491 3538 1543 3593 4.
1581 3538 1669 3608 51,
1707 3538 1758 3594 5.
1796 3536 1883 3593 24.
1922 3539 2008 3607 52,
2040 3539 2121 3593 19.
2150 3537 2236 3593 21.
2275 3538 2364 3607 57,
2396 3538 2480 3595 19.

391 3629 477 3697 60,
505 3626 589 3683 15.
629 3628 714 3696 67,
740 3628 790 3682 4.
832 3627 918 3694 78,
948 3627 1030 3682 18.
1071 3627 1158 3693 81,
1186 3628 1269 3682 10.
