2581 4081
1348 176 1419 237 40

330 378 522 439 μενος
570 358 909 437 ἐτελειώθη
959 365 1000 423 i.
1052 382 1107 427 e.
1158 365 1472 441 expulsus
1519 364 1588 425 in
1634 364 1849 427 locum
1896 364 2251 425 multorum
2304 363 2442 423 die-

331 487 476 532 rum
534 471 766 532 itinere
826 469 893 547 (a
939 468 1524 548 Constantinopoli)
1592 479 1911 533 remotum
1974 472 2068 531 ibi
2131 475 2440 533 mortuus

333 584 450 637 est.
544 579 711 638 Nam
758 596 991 640 voeem
1038 574 1200 655 μονή
1249 587 1322 639 ut
1367 573 1666 638 ‘mansio’
1727 580 1810 637 ad
1868 578 2064 638 unius
2124 569 2265 639 diei'
2308 579 2441 637 iter

334 685 838 762 significandum
903 688 1207 763 usurpari
1266 693 1490 746 notum
1552 691 1669 756 est,
1740 687 1824 744 ef.
1875 685 2104 747 Callin.
2163 703 2226 761 p.
2284 678 2436 755 125,

337 787 416 851 18
483 785 581 850 ὅτι
647 786 776 852 ἀπὸ
844 792 1060 868 μονῶν
1126 790 1322 867 τριῶν
1387 785 1564 865 οἶκός
1632 786 1727 865 τίς
1802 788 1998 861 ἐστιν,
2073 809 2133 868 p.
2185 785 2294 862 58,
2347 785 2437 852 28

332 894 435 958 καὶ
493 893 703 959 ἐλθὼν
765 896 966 974 μονὰς
1029 894 1147 959 δύο
1194 896 1234 974 ἢ
1282 898 1475 975 τρεῖς.
1566 901 1806 960 Errant
1873 900 2077 976 igitur
2145 899 2438 958 editores

333 1022 483 1065 eum
530 1007 599 1065 in
648 1007 868 1068 indice
913 1009 1265 1068 verborum
1309 1007 1351 1067 i.
1389 1025 1448 1066 v.
1501 1001 1788 1082 φανερός
1836 1008 2045 1067 verba
2090 1005 2204 1066 illa
2234 1006 2437 1066 inter-

333 1119 680 1189 pretantur
723 1109 941 1191 elonge
989 1132 1030 1173 a
1075 1115 1247 1174 notis
1295 1110 1731 1174 habitaculis'.

515 1220 585 1278 P.
626 1212 698 1290 3,
753 1214 834 1285 16
899 1222 1142 1297 legitur
1197 1214 1557 1294 συγγράψω
1625 1215 1697 1279 δὲ
1756 1215 1873 1293 τὴν
1940 1214 2186 1280 ἐκείνου
2236 1212 2436 1293 εὐφη-

336 1319 484 1400 μίαν
531 1319 611 1384 οὐ
657 1341 744 1385 κο
763 1328 930 1407 μπῷ
979 1322 1172 1406 λόγῳ.
1251 1329 1330 1387 In
1377 1345 1503 1403 quo
1553 1328 1890 1387 offendens
1922 1327 2265 1387 Eberhard
2296 1328 2340 1385 1.
2377 1344 2432 1385 e.

335 1451 398 1508 p.
446 1426 581 1492 545
630 1434 829 1492 seribi
889 1435 1099 1493 voluit
1150 1434 1380 1513 κομψῷ
1429 1428 1623 1512 λόγῳ.
1717 1433 1847 1493 Sed
1893 1439 1966 1493 ut
2023 1434 2280 1492 mittam
2329 1450 2434 1493 eo-

338 1540 486 1599 dem
534 1541 729 1599 modo
776 1540 1068 1601 Marcum
1113 1541 1329 1616 ipsum
1380 1541 1597 1600 dieere
1646 1557 1707 1615 p.
1743 1534 1850 1611 61,
1894 1534 1973 1599 13
2023 1533 2143 1613 οὐχ
2190 1534 2435 1613 ὁμιλῶν

337 1647 561 1726 κομπῷ
611 1640 801 1726 λόγῳ,
848 1647 919 1706 id
968 1650 1143 1723 quod
1179 1649 1523 1707 Eberhard
1570 1647 1885 1724 neglexit,
1935 1647 2067 1707 iam
2114 1648 2181 1705 in
2207 1648 2433 1722 Eurip.

337 1753 578 1815 Phoen.
605 1747 736 1812 600
783 1755 1026 1832 legitur
1072 1750 1319 1828 κομπὸς
1368 1747 1429 1813 εἷ
1471 1752 1792 1827 σπονδαῖς
1840 1747 2192 1829 πεποιθώς,
2241 1747 2309 1811 αἵ
2356 1762 2434 1813 σε

339 1856 666 1940 σῴζουσιν
719 1856 955 1920 θανεῖν.
1048 1861 1144 1923 Of.
1194 1863 1413 1936 Etym.
1462 1862 1678 1938 Magn.
1727 1878 1790 1936 p.
1839 1855 1991 1931 527,
2024 1855 2107 1919 47
2159 1860 2235 1921 G.
2286 1876 2431 1934 κομ-

339 1963 463 2040 πὸς
498 1963 568 2026 δὲ
601 1961 818 2046 λόγος,
869 1963 943 2027 τὸ
976 1963 1290 2028 ἐπίθετον.
1371 1968 1732 2028 Herodiani
1781 1968 2067 2027 teehniei
2114 1968 2434 2043 reliquiae

340 2075 443 2133 ed.
491 2074 691 2134 Lentz
748 2077 779 2135 I
825 2094 888 2152 p.
943 2071 1089 2147 187,
1134 2071 1221 2136 23
1281 2070 1527 2150 κόμπος
1588 2071 1664 2136 τὸ
1719 2070 2219 2153 προσηγορικὸν,
2293 2090 2435 2150 κομ-

340 2175 463 2252 πὸς
512 2176 587 2239 τὸ
635 2176 928 2242 ἐπίθετον
952 2179 1002 2258 ²)
1067 2179 1155 2257 (v.
1207 2183 1425 2258 Steph.
1475 2184 1638 2245 theS.
1700 2201 1749 2241 S.
1800 2179 1914 2258 v.).
2021 2183 2317 2257 Denique
2366 2183 2433 2240 in

342 2304 403 2349 v.
453 2288 759 2365 Pelagiae
826 2289 929 2347 ed.
997 2289 1250 2350 Usener
1320 2305 1383 2364 p.
1434 2284 1494 2360 7,
1544 2284 1625 2348 12
1673 2290 1915 2367 legitur
1980 2283 2304 2363 ὡμίλησεν
2364 2284 2433 2347 δὲ

340 2387 532 2453 οὐδὲν
579 2391 841 2468 κομπὸν.
875 2392 975 2454 καὶ
1023 2390 1384 2471 φιλόλογον
1412 2391 1484 2472 ²).

516 2500 587 2560 P.
618 2496 719 2573 18,
754 2497 834 2561 21
889 2504 1062 2577 quod
1097 2504 1359 2563 eodiees
1407 2505 1746 2579 praebent,
1792 2497 1901 2562 ἵνα
1948 2498 2029 2576 μὴ
2077 2497 2432 2575 πληρώσω-

341 2622 455 2680 μεν
502 2604 636 2680 τὴν
685 2604 1046 2669 λιτάνιον
1091 2611 1417 2685 Hauptius
1465 2611 1532 2668 in
1581 2608 1698 2683 τὴν
1746 2604 2068 2668 λιτανείαν
2133 2609 2468 2680 mutavit..

343 2713 546 2788 Quem
595 2716 662 2773 in
711 2716 997 2775 editione
1044 2716 1366 2791 Lipsiensi
1415 2717 1600 2791 sequi
1650 2717 2098 2775 dubitavimus
2146 2716 2431 2789 satisque

341 2821 688 2880 habuimus
752 2820 868 2895 τὴν
939 2816 1257 2882 λιτάνειον
1329 2824 1642 2901 seribere„
1729 2824 1855 2881 rati
1939 2815 2255 2893 λιτάνειος
2324 2822 2431 2879 ad-

523 3041 574 3106 l)
614 3045 693 3095 Cf.
734 3044 957 3095 Lobeek
996 3045 1413 3108 Paralipomena
1455 3059 1680 3110 gramm.
1720 3059 1899 3110 graec.
1940 3062 1990 3110 p.
2030 3040 2136 3096 345
2157 3061 2198 3094 ⁸.

521 3128 576 3196 2)
615 3135 698 3185 De
738 3150 872 3185 voee
912 3131 1379 3193 κακοπόδινος
1420 3129 1558 3196 17,8
1597 3134 1825 3199 eiusque
1851 3133 2055 3197 origine
2081 3139 2249 3198 atque
2276 3135 2429 3200 signi-

343 3220 593 3271 ficatione
632 3239 682 3271 v.
724 3238 867 3288 quae
907 3223 1156 3284 exposuit
1193 3223 1257 3272 R.
1299 3223 1542 3288 Herzog:
1582 3221 1849 3287 Philologi
1887 3227 1925 3270 t.
1954 3222 2079 3272 LVI
2117 3238 2168 3287 p.
2190 3218 2275 3271 46.
2346 3223 2426 3272 In·

343 3308 656 3375 tellegenda
701 3313 844 3362 enim
893 3317 977 3362 est
1013 3312 1150 3362 haee
1188 3328 1294 3361 vox
1333 3328 1401 3362 ex
1447 3312 1831 3373 superstitione
1871 3310 1967 3360 illa
2020 3310 2169 3375 apud
2217 3311 2430 3362 orientis

343 3399 576 3448 maxime
614 3398 816 3450 incolas
863 3400 1200 3466 pervolgata,
1260 3416 1371 3465 qua
1408 3399 1638 3465 gradum
1687 3400 1802 3449 sive
1841 3414 2121 3449 accessum
2159 3397 2427 3449 hominum

282 3531 287 3537 .
344 3486 683 3552 quorundam
728 3492 825 3536 aut
868 3489 1111 3538 faustum
1149 3495 1246 3537 aut
1290 3489 1590 3538 infaustum
1629 3502 1748 3539 esse
1788 3488 2072 3553 putabant.
2149 3487 2229 3537 Cf.
2270 3489 2426 3538 etiam

343 3576 405 3625 F.
445 3574 740 3626 Liebreeht
776 3576 885 3625 Zur
919 3577 1277 3628 Volkskunde
1316 3594 1368 3640 p.
1406 3572 1528 3627 359.
